Timestamp,Timestamp ET,Timestamp CT,Timestamp PT,Title,ItemID,UPC,Variation,# of Variations,Brand,Category,Subcategory,Manufacturer,Manufacturer Part #,Model #,Image URL,Image,Source,Walmart Link,Cost,Amazon ASIN,Amazon Search URL,eBay Search URL,Google Search URL,Add to Catalog URL,Badges,Walmart BuyBox Suppression Status,Amazon BuyBox Suppression Status,Walmart on Listing,Total Sellers,WFS Sellers,MFN Sellers,Total Available Quantity,Seller on the BuyBox,BuyBox Seller Type,BuyBox Price,BuyBox Seller QTY,Min Price,Max Price,Sale Price,Cost,Profit,Profit Margin,ROI,Breakeven,Max Cost,Units Purchased,Amazon Price,Amazon Units Sold / Mo,Total Fees,WFS Fee,MFN Cost,Referral Fee,Referral Rate,Storage Fee,Storage Months,Additional Fees,Inbound Shipping,Inbound Shipping Expense,Hazardous Fee,WFS Polybag,Standard Label,Overhead Cost,Sales Tax %,Sales Tax Fee,Ratings,Reviews,Alerts,Package Dimensions,Package Length,Package Width,Package Height,Package Weight,Comments,Device
"05/05/2025, 09:45 PM CDT","05/05/2025, 10:45 PM EDT","05/05/2025, 09:45 PM CDT","05/05/2025, 07:45 PM PDT","Nuun Sport: Electrolyte Hydration Supplement, Juice Box Mix, 4-Pack",198938183,811660020853,4-Pack,1,Nuun,Health & Personal Care,Electrolyte Supplements,N/A,1169904,12518908,https://i5.walmartimages.com/seo/Nuun-Sport-Electrolyte-Hydration-Supplement-Juice-Box-Mix-4-Pack_8af4eacf-05e3-417b-9c68-6b5142bb8287.7cfd7275eebbd36b9480aba5d9507319.jpeg,,N/A,https://www.walmart.com/ip/198938183,0,https://www.amazon.com/dp/B019GU4J56,https://www.amazon.com/s?k=Nuun%20Sport%3A%20Electrolyte%20Hydration%20Supplement%2C%20Juice%20Box%20Mix%2C%204-Pack,https://www.ebay.com/sch/i.html?_nkw=Nuun%20Sport%3A%20Electrolyte%20Hydration%20Supplement%2C%20Juice%20Box%20Mix%2C%204-Pack,https://www.google.com/search?q=Nuun%20Sport%3A%20Electrolyte%20Hydration%20Supplement%2C%20Juice%20Box%20Mix%2C%204-Pack,https://seller.walmart.com/catalog/add-items?search=198938183,N/A,no,no,no,5,0,5,46,Q MART .,mfn,$37.50,2,$36.13,$40.81,37.5,0,28.22,75.24 %,NA,5.00,22.57,1,$22.24,7k+ units sold this month on Amazon,$9.28,$3.45,0,$5.63,15.00%,$0.01,1,$0.20,$0.30 /lb,$0.20,$0.00,$0.00,$0.00,$0.00,0,$0.00,4.9,393,Pulling package information from B019GU4J56 via amazon.com,"4.21, 2.83, 2.80 in, 0.65 lbs",4.21,2.83,2.80,0.65,N/A,Computer
"05/07/2025, 12:51 AM PDT","05/07/2025, 03:51 AM EDT","05/07/2025, 02:51 AM CDT","05/07/2025, 12:51 AM PDT","AriZona Mucho Mango Juice Drink, 20 Fl Oz (Pack of 24)",1520067561,100378722129,N/A,N/A,AriZona,Grocery,Juices,AriZona,N/A,N/A,https://i5.walmartimages.com/seo/AriZona-Mucho-Mango-Juice-Drink-20-Fl-Oz-Pack-of-24_ecf5872d-24f0-4575-ae25-e7d9fb489b23.922c08a41479684983a8e34831173c30.jpeg,,N/A,https://www.walmart.com/ip/1520067561,23.76,N/A,https://www.amazon.com/s?k=AriZona%20Mucho%20Mango%20Juice%20Drink%2C%2020%20Fl%20Oz%20(Pack%20of%2024),https://www.ebay.com/sch/i.html?_nkw=AriZona%20Mucho%20Mango%20Juice%20Drink%2C%2020%20Fl%20Oz%20(Pack%20of%2024),https://www.google.com/search?q=AriZona%20Mucho%20Mango%20Juice%20Drink%2C%2020%20Fl%20Oz%20(Pack%20of%2024),https://seller.walmart.com/catalog/add-items?search=1520067561,N/A,no,no,no,1,0,1,10,Shop The King,mfn,$93.41,10,$93.41,$93.41,93.41,23.76,28.01,29.99 %,117.89 %,60.35,41.42,1,NA,N/A,$41.64,$16.55,0,$14.01,15.00%,$0.62,1,$10.45,$0.30 /lb,$10.45,$0.00,$0.00,$0.00,$0.00,0,$0.00,,0,"For better accuracy, we’ve used dimensions from B09238WRB2 to provide more precise estimates,3 or less sellers","15.00, 10.98, 8.74 in, 34.84 lbs",15.00,10.98,8.74,34.84,N/A,Computer
"05/07/2025, 01:05 AM PDT","05/07/2025, 04:05 AM EDT","05/07/2025, 03:05 AM CDT","05/07/2025, 01:05 AM PDT",Awake Gluten Free Caffeinated Chocolate Bars Chocolate Caramel - 1.55 oz Each Pack of 2,14993459555,968864016813,N/A,N/A,Awake Couture,Grocery,Chocolate Candy,N/A,N/A,N/A,https://i5.walmartimages.com/seo/Awake-Gluten-Free-Caffeinated-Chocolate-Bars-Chocolate-Caramel-1-55-oz-Each-Pack-of-2_8bc730ed-a73e-4c04-a4bd-4003ecc18dda.ecdbe16ab46888e336a0036d00a37f3a.jpeg,,N/A,https://www.walmart.com/ip/14993459555,33.6,N/A,https://www.amazon.com/s?k=Awake%20Gluten%20Free%20Caffeinated%20Chocolate%20Bars%20Chocolate%20Caramel%20-%201.55%20oz%20Each%20Pack%20of%202,https://www.ebay.com/sch/i.html?_nkw=Awake%20Gluten%20Free%20Caffeinated%20Chocolate%20Bars%20Chocolate%20Caramel%20-%201.55%20oz%20Each%20Pack%20of%202,https://www.google.com/search?q=Awake%20Gluten%20Free%20Caffeinated%20Chocolate%20Bars%20Chocolate%20Caramel%20-%201.55%20oz%20Each%20Pack%20of%202,https://seller.walmart.com/catalog/add-items?search=14993459555,N/A,no,no,no,1,0,1,6,iCapsi,mfn,$71.99,6,$71.99,$71.99,71.99,33.6,21.35,29.65 %,63.53 %,46.80,43.96,1,NA,N/A,$17.04,$5.45,0,$10.80,15.00%,$0.04,1,$0.75,$0.30 /lb,$0.75,$0.00,$0.00,$0.00,$0.00,0,$0.00,,0,"For better accuracy, we’ve used dimensions from B00EORJCE0 to provide more precise estimates,3 or less sellers","6.10, 5.71, 2.91 in, 2.50 lbs",6.10,5.71,2.91,2.50,N/A,Computer
"05/06/2025, 04:16 AM PDT","05/06/2025, 07:16 AM EDT","05/06/2025, 06:16 AM CDT","05/06/2025, 04:16 AM PDT",88 Acres Bar Blueberry Lemon Crafted Seed 1.6 oz (Pack of 27),9665066705,732623836666,N/A,N/A,88 Acres,Grocery,Breakfast Bars & Cereal Bars,N/A,N/A,N/A,https://i5.walmartimages.com/seo/88-Acres-Bar-Blueberry-Lemon-Crafted-Seed-1-6-oz-Pack-of-27_170cc88e-4391-4d30-9404-718537188dbd.1b070fcbd6cd82aa2084aefe9a436954.jpeg,,N/A,https://www.walmart.com/ip/9665066705,36.45,N/A,https://www.amazon.com/s?k=88%20Acres%20Bar%20Blueberry%20Lemon%20Crafted%20Seed%201.6%20oz%20(Pack%20of%2027),https://www.ebay.com/sch/i.html?_nkw=88%20Acres%20Bar%20Blueberry%20Lemon%20Crafted%20Seed%201.6%20oz%20(Pack%20of%2027),https://www.google.com/search?q=88%20Acres%20Bar%20Blueberry%20Lemon%20Crafted%20Seed%201.6%20oz%20(Pack%20of%2027),https://seller.walmart.com/catalog/add-items?search=9665066705,N/A,no,no,no,0,0,0,0,N/A,N/A,0,,,Price,73.99,36.45,21.14,28.57 %,57.99 %,49.05,46.07,1,NA,N/A,$16.40,$4.95,0,$11.10,15.00%,$0.04,1,$0.31,$0.30 /lb,$0.31,$0.00,$0.00,$0.00,$0.00,0,$0.00,,0,"For better accuracy, we’ve used dimensions from B0C6F3N6FY to provide more precise estimates,3 or less sellers","6.50, 6.14, 2.36 in, 1.04 lbs",6.50,6.14,2.36,1.04,N/A,Computer
"05/06/2025, 12:36 AM PDT","05/06/2025, 03:36 AM EDT","05/06/2025, 02:36 AM CDT","05/06/2025, 12:36 AM PDT",Frankford Oscar Mayer Gummy Bologna  Slices 7.27 oz. - Case of 8,5779265171,41376114236,Case of 8,1,Frankford,Grocery,Gummy Candy,N/A,N/A,N/A,https://i5.walmartimages.com/seo/Frankford-Oscar-Mayer-Gummy-Bologna-Slices-7-27-oz-Case-of-8_5f15d551-0676-485c-9d70-a76ce597f85f.974318e302cb3e6f055d80aec081f6d5.png,,N/A,https://www.walmart.com/ip/5779265171,30.76,N/A,https://www.amazon.com/s?k=Frankford%20Oscar%20Mayer%20Gummy%20Bologna%20%20Slices%207.27%20oz.%20-%20Case%20of%208,https://www.ebay.com/sch/i.html?_nkw=Frankford%20Oscar%20Mayer%20Gummy%20Bologna%20%20Slices%207.27%20oz.%20-%20Case%20of%208,https://www.google.com/search?q=Frankford%20Oscar%20Mayer%20Gummy%20Bologna%20%20Slices%207.27%20oz.%20-%20Case%20of%208,https://seller.walmart.com/catalog/add-items?search=5779265171,N/A,no,no,no,1,0,1,2,All City Candy,mfn,$66.75,2,$66.75,$66.75,66.75,30.76,20.76,31.11 %,67.50 %,42.25,41.22,1,NA,N/A,$15.23,$4.95,0,$10.01,15.00%,$0.03,1,$0.24,$0.30 /lb,$0.24,$0.00,$0.00,$0.00,$0.00,0,$0.00,,0,"For better accuracy, we’ve used dimensions from B0B99F778H to provide more precise estimates,3 or less sellers","7.13, 5.83, 1.54 in, 0.79 lbs",7.13,5.83,1.54,0.79,N/A,Computer
"04/30/2025, 12:11 AM PDT","04/30/2025, 03:11 AM EDT","04/30/2025, 02:11 AM CDT","04/30/2025, 12:11 AM PDT","Glico Pretz Sour Cream & HYZ01 Onion, 1.09 oz (Pack of 10)",16294317894,0,N/A,N/A,Glico,Grocery,Prepared & Packaged Soups,N/A,N/A,N/A,https://i5.walmartimages.com/seo/Glico-Pretz-Sour-Cream-HYZ01-Onion-1-09-oz-Pack-of-10_f07c0f79-488c-4c38-8b98-ed4f19574f4c.e2eec1b03d38b42be2ea375ab31da4af.jpeg,,N/A,https://www.walmart.com/ip/16294317894,11.9,https://www.amazon.com/dp/undefined,https://www.amazon.com/s?k=Glico%20Pretz%20Sour%20Cream%20%26%20HYZ01%20Onion%2C%201.09%20oz%20(Pack%20of%2010),https://www.ebay.com/sch/i.html?_nkw=Glico%20Pretz%20Sour%20Cream%20%26%20HYZ01%20Onion%2C%201.09%20oz%20(Pack%20of%2010),https://www.google.com/search?q=Glico%20Pretz%20Sour%20Cream%20%26%20HYZ01%20Onion%2C%201.09%20oz%20(Pack%20of%2010),https://seller.walmart.com/catalog/add-items?search=16294317894,N/A,no,no,no,1,0,1,15,Hometrixy,mfn,$44.40,15,$44.40,$44.40,44.4,11.9,20.49,46.15 %,172.20 %,20.20,25.91,1,,N/A,$12.01,$4.95,0,$6.66,15.00%,$0.08,1,$0.32,$0.30 /lb,$0.32,$0.00,$0.00,$0.00,$0.00,0,$0.00,,0,"For better accuracy, we’ve used dimensions from B0C4CS8QLX to provide more precise estimates,3 or less sellers","6.42, 6.02, 4.80 in, 1.06 lbs",6.42,6.02,4.80,1.06,N/A,Computer
"05/06/2025, 04:28 AM PDT","05/06/2025, 07:28 AM EDT","05/06/2025, 06:28 AM CDT","05/06/2025, 04:28 AM PDT",Alter Eco Dark Chocolate Bar Brown Butter Organic 2.82 oz (Pack Of 12),8598504309,732623753772,Brown Butter,5,Alter Eco,Grocery,Chocolate Candy,N/A,N/A,N/A,https://i5.walmartimages.com/seo/Meat-Mitch-Whomp-Barbecue-Sauce-21-oz-Pack-of-6_4d74c12f-bbe2-4d44-8558-4f051ef35575.7dbdf42246b7c083e56c3bf891c98685.jpeg,,N/A,https://www.walmart.com/ip/8598504309,40.08,N/A,https://www.amazon.com/s?k=Alter%20Eco%20Dark%20Chocolate%20Bar%20Brown%20Butter%20Organic%202.82%20oz%20(Pack%20Of%2012),https://www.ebay.com/sch/i.html?_nkw=Alter%20Eco%20Dark%20Chocolate%20Bar%20Brown%20Butter%20Organic%202.82%20oz%20(Pack%20Of%2012),https://www.google.com/search?q=Alter%20Eco%20Dark%20Chocolate%20Bar%20Brown%20Butter%20Organic%202.82%20oz%20(Pack%20Of%2012),https://seller.walmart.com/catalog/add-items?search=8598504309,N/A,yes,no,no,1,0,1,12,UniversoBrands,mfn,$75.99,12,$75.99,$75.99,75.99,40.08,19.21,25.28 %,47.93 %,53.30,47.43,1,NA,N/A,$16.70,$4.95,0,$11.40,15.00%,$0.05,1,$0.30,$0.30 /lb,$0.30,$0.00,$0.00,$0.00,$0.00,0,$0.00,,0,"The listing has 5 variations,For better accuracy, we’ve used dimensions from B09YZW41NW to provide more precise estimates,3 or less sellers","5.98, 5.00, 4.02 in, 1.00 lbs",5.98,5.00,4.02,1.00,N/A,Computer
"04/30/2025, 06:24 AM PDT","04/30/2025, 09:24 AM EDT","04/30/2025, 08:24 AM CDT","04/30/2025, 06:24 AM PDT","Lily's Sweets Salted Almond and Milk Chocolate Bar, 3 oz (Pack of 12)",137560821,710051539267,N/A,N/A,Lily's,Grocery,Chocolate Candy,N/A,N/A,N/A,https://i5.walmartimages.com/seo/Lily-s-Sweets-Salted-Almond-and-Milk-Chocolate-Bar-3-oz-Pack-of-12_5ad8847d-1f5e-4af9-91a7-aee461c25bce.e777141f0d46b5456745555a5c80813b.png,,N/A,https://www.walmart.com/ip/137560821,40.8,N/A,https://www.amazon.com/s?k=Lily's%20Sweets%20Salted%20Almond%20and%20Milk%20Chocolate%20Bar%2C%203%20oz%20(Pack%20of%2012),https://www.ebay.com/sch/i.html?_nkw=Lily's%20Sweets%20Salted%20Almond%20and%20Milk%20Chocolate%20Bar%2C%203%20oz%20(Pack%20of%2012),https://www.google.com/search?q=Lily's%20Sweets%20Salted%20Almond%20and%20Milk%20Chocolate%20Bar%2C%203%20oz%20(Pack%20of%2012),https://seller.walmart.com/catalog/add-items?search=137560821,N/A,no,no,no,1,0,1,6,Gourmet on the way LLC,mfn,$76.99,6,$76.99,$76.99,76.99,40.8,18.37,23.86 %,45.03 %,55.30,47.34,1,NA,N/A,$17.82,$5.45,0,$11.55,15.00%,$0.04,1,$0.77,$0.30 /lb,$0.77,$0.00,$0.00,$0.00,$0.00,0,$0.00,4,1,"For better accuracy, we’ve used dimensions from B07HL9CHDD to provide more precise estimates,3 or less sellers","6.22, 5.31, 3.11 in, 2.58 lbs",6.22,5.31,3.11,2.58,N/A,Computer
"05/07/2025, 01:24 AM PDT","05/07/2025, 04:24 AM EDT","05/07/2025, 03:24 AM CDT","05/07/2025, 01:24 AM PDT","Candy Envy Black Rock Candy Sugar Stick, Black Cherry Flavored, 36 Count, Indiv. Wrapped",1696232472,810000162857,36,4,Candy Envy,Grocery,Rock Candy,N/A,N/A,N/A,https://i5.walmartimages.com/seo/Candy-Envy-Black-Rock-Candy-Sugar-Stick-Black-Cherry-Flavored-36-Count-Indiv-Wrapped_f8a66cff-d2bc-4f66-b61d-2df8d8420bab.80a70b0c7c0896c1b56d82c7b3010529.jpeg,,N/A,https://www.walmart.com/ip/1696232472,15.48,N/A,https://www.amazon.com/s?k=Candy%20Envy%20Black%20Rock%20Candy%20Sugar%20Stick%2C%20Black%20Cherry%20Flavored%2C%2036%20Count%2C%20Indiv.%20Wrapped,https://www.ebay.com/sch/i.html?_nkw=Candy%20Envy%20Black%20Rock%20Candy%20Sugar%20Stick%2C%20Black%20Cherry%20Flavored%2C%2036%20Count%2C%20Indiv.%20Wrapped,https://www.google.com/search?q=Candy%20Envy%20Black%20Rock%20Candy%20Sugar%20Stick%2C%20Black%20Cherry%20Flavored%2C%2036%20Count%2C%20Indiv.%20Wrapped,https://seller.walmart.com/catalog/add-items?search=1696232472,N/A,no,no,no,1,0,1,5,Candy Envy,mfn,$46.99,5,$46.99,$46.99,46.99,15.48,17.69,37.65 %,114.28 %,26.10,26.54,1,NA,N/A,$13.82,$5.75,0,$7.05,15.00%,$0.12,1,$0.90,$0.30 /lb,$0.90,$0.00,$0.00,$0.00,$0.00,0,$0.00,,0,"The listing has 4 variations,For better accuracy, we’ve used dimensions from B0C11H7CN8 to provide more precise estimates,3 or less sellers","7.99, 7.01, 5.00 in, 3.00 lbs",7.99,7.01,5.00,3.00,N/A,Computer
"05/02/2025, 03:25 AM PDT","05/02/2025, 06:25 AM EDT","05/02/2025, 05:25 AM CDT","05/02/2025, 03:25 AM PDT",Dragon Ball Z Case of 18 Mystery Candy Tins,2436310622,611508597604,18,2,Boston America,Grocery,Hard Candy,N/A,N/A,N/A,https://i5.walmartimages.com/seo/Dragon-Ball-Z-Case-of-18-Mystery-Candy-Tins_645dd7e6-62b9-4ec7-9d5e-b4a43b043770.d8567cb3142b34a9ebdab5b2a063e4fe.jpeg,,N/A,https://www.walmart.com/ip/2436310622,36.9,N/A,https://www.amazon.com/s?k=Dragon%20Ball%20Z%20Case%20of%2018%20Mystery%20Candy%20Tins,https://www.ebay.com/sch/i.html?_nkw=Dragon%20Ball%20Z%20Case%20of%2018%20Mystery%20Candy%20Tins,https://www.google.com/search?q=Dragon%20Ball%20Z%20Case%20of%2018%20Mystery%20Candy%20Tins,https://seller.walmart.com/catalog/add-items?search=2436310622,N/A,no,no,no,1,0,1,2,BiG Confections,mfn,$68.99,2,$68.99,$68.99,68.99,36.9,16.24,23.53 %,44.00 %,49.80,42.51,1,NA,N/A,$15.85,$4.95,0,$10.35,15.00%,$0.07,1,$0.48,$0.30 /lb,$0.48,$0.00,$0.00,$0.00,$0.00,0,$0.00,,0,"The listing has 2 variations,For better accuracy, we’ve used dimensions from B09R8WQ9Z2 to provide more precise estimates,3 or less sellers","9.49, 7.44, 2.44 in, 1.60 lbs",9.49,7.44,2.44,1.60,N/A,Computer
"04/29/2025, 03:05 AM PDT","04/29/2025, 06:05 AM EDT","04/29/2025, 05:05 AM CDT","04/29/2025, 03:05 AM PDT","(Pack of 10), Bourbon Chocolatey Tree Stump Cooking, 2.32 oz",9124720293,465190235005,N/A,N/A,Bourbon,Grocery,Baking Mixes,N/A,N/A,N/A,https://i5.walmartimages.com/seo/Pack-of-10-Bourbon-Chocolatey-Tree-Stump-Cooking-2-32-oz_39a8d65e-1fc5-4736-9b23-c3502d106c92.79115a669bfcc5f078e0fca5868337fb.jpeg,,N/A,https://www.walmart.com/ip/9124720293,18,N/A,https://www.amazon.com/s?k=(Pack%20of%2010)%2C%20Bourbon%20Chocolatey%20Tree%20Stump%20Cooking%2C%202.32%20oz,https://www.ebay.com/sch/i.html?_nkw=(Pack%20of%2010)%2C%20Bourbon%20Chocolatey%20Tree%20Stump%20Cooking%2C%202.32%20oz,https://www.google.com/search?q=(Pack%20of%2010)%2C%20Bourbon%20Chocolatey%20Tree%20Stump%20Cooking%2C%202.32%20oz,https://seller.walmart.com/catalog/add-items?search=9124720293,N/A,no,no,no,1,0,1,16,shopGourmet.com,mfn,$46.35,16,$46.35,$46.35,46.35,18,16.1,34.73 %,89.42 %,27.30,27.28,1,NA,N/A,$12.25,$4.95,0,$6.95,15.00%,$0.05,1,$0.30,$0.30 /lb,$0.30,$0.00,$0.00,$0.00,$0.00,0,$0.00,,0,"For better accuracy, we’ve used dimensions from B0DV57ZC9Q to provide more precise estimates,3 or less sellers","5.98, 5.00, 4.02 in, 1.00 lbs",5.98,5.00,4.02,1.00,N/A,Computer
"05/07/2025, 01:07 AM PDT","05/07/2025, 04:07 AM EDT","05/07/2025, 03:07 AM CDT","05/07/2025, 01:07 AM PDT",Awake Gluten Free Caffeinated Chocolate Bars Dark Chocolate 12 ea,15012020385,968863998394,N/A,N/A,Awake Couture,Grocery,Candy Bars & Miniatures,N/A,N/A,N/A,https://i5.walmartimages.com/seo/Awake-Gluten-Free-Caffeinated-Chocolate-Bars-Dark-Chocolate-12-ea_5ff3c63d-9572-4681-9005-2318070113ff.b8890f652ec866b3cc68e0b72945fe33.jpeg,,N/A,https://www.walmart.com/ip/15012020385,16.8,N/A,https://www.amazon.com/s?k=Awake%20Gluten%20Free%20Caffeinated%20Chocolate%20Bars%20Dark%20Chocolate%2012%20ea,https://www.ebay.com/sch/i.html?_nkw=Awake%20Gluten%20Free%20Caffeinated%20Chocolate%20Bars%20Dark%20Chocolate%2012%20ea,https://www.google.com/search?q=Awake%20Gluten%20Free%20Caffeinated%20Chocolate%20Bars%20Dark%20Chocolate%2012%20ea,https://seller.walmart.com/catalog/add-items?search=15012020385,N/A,no,no,no,1,0,1,6,iCapsi,mfn,$43.44,6,$43.44,$43.44,43.44,16.8,14.73,33.91 %,87.68 %,26.00,25.22,1,NA,N/A,$11.91,$4.95,0,$6.52,15.00%,$0.03,1,$0.41,$0.30 /lb,$0.41,$0.00,$0.00,$0.00,$0.00,0,$0.00,,0,"For better accuracy, we’ve used dimensions from B00RBACCJO to provide more precise estimates,3 or less sellers","7.24, 6.02, 1.69 in, 1.37 lbs",7.24,6.02,1.69,1.37,N/A,Computer
"04/30/2025, 06:41 AM PDT","04/30/2025, 09:41 AM EDT","04/30/2025, 08:41 AM CDT","04/30/2025, 06:41 AM PDT",Shameless Snacks Gummy Green Apple 1.8 oz (Pack Of 12),10135265904,0,Green Apple,6,Shameless Snack,Grocery,Gummy Candy,N/A,N/A,N/A,https://i5.walmartimages.com/seo/Shameless-Snacks-Gummy-Green-Apple-1-8-oz-Pack-Of-12_fe7bac41-c91d-407b-a568-02bf8e0dcbf1.0dab6c746b0b8f52c9111fe1c0fdb508.jpeg,,N/A,https://www.walmart.com/ip/10135265904,32.28,https://www.amazon.com/dp/undefined,https://www.amazon.com/s?k=Shameless%20Snacks%20Gummy%20Green%20Apple%201.8%20oz%20(Pack%20Of%2012),https://www.ebay.com/sch/i.html?_nkw=Shameless%20Snacks%20Gummy%20Green%20Apple%201.8%20oz%20(Pack%20Of%2012),https://www.google.com/search?q=Shameless%20Snacks%20Gummy%20Green%20Apple%201.8%20oz%20(Pack%20Of%2012),https://seller.walmart.com/catalog/add-items?search=10135265904,N/A,no,no,no,1,0,1,6,UniversoBrands,mfn,$59.99,6,$59.99,$59.99,59.99,32.28,13.47,22.45 %,41.73 %,44.05,36.60,1,,N/A,$14.24,$4.95,0,$9.00,15.00%,$0.05,1,$0.24,$0.30 /lb,$0.24,$0.00,$0.00,$0.00,$0.00,0,$0.00,,0,"The listing has 6 variations,For better accuracy, we’ve used dimensions from B0BN2BH53S to provide more precise estimates,3 or less sellers","5.31, 5.20, 4.57 in, 0.79 lbs",5.31,5.20,4.57,0.79,N/A,Computer
"05/02/2025, 04:06 AM PDT","05/02/2025, 07:06 AM EDT","05/02/2025, 06:06 AM CDT","05/02/2025, 04:06 AM PDT","Boston America A Christmas Story FRA-GEE-LAY Wood Crate, Orange Sour Candy, Collectible Slider Tin Shaped filled with Leg Lamp Shaped Candies, 1.5 Ounce Tin",5066754356,611508595105,Case of 12,1,Boston America,Grocery,Sour Candy,N/A,N/A,N/A,https://i5.walmartimages.com/seo/Boston-America-Christmas-Story-FRA-GEE-LAY-Wood-Crate-Orange-Sour-Candy-Collectible-Slider-Tin-Shaped-filled-Leg-Lamp-Shaped-Candies-1-5-Ounce-Tin_c7c63d82-96a4-49e0-87cb-4f26e67b9533.2d80ba1386c459a47cf929ded5842204.jpeg,,N/A,https://www.walmart.com/ip/5066754356,24.83,N/A,https://www.amazon.com/s?k=Boston%20America%20A%20Christmas%20Story%20FRA-GEE-LAY%20Wood%20Crate%2C%20Orange%20Sour%20Candy%2C%20Collectible%20Slider%20Tin%20Shaped%20filled%20with%20Leg%20Lamp%20Shaped%20Candies%2C%201.5%20Ounce%20Tin,https://www.ebay.com/sch/i.html?_nkw=Boston%20America%20A%20Christmas%20Story%20FRA-GEE-LAY%20Wood%20Crate%2C%20Orange%20Sour%20Candy%2C%20Collectible%20Slider%20Tin%20Shaped%20filled%20with%20Leg%20Lamp%20Shaped%20Candies%2C%201.5%20Ounce%20Tin,https://www.google.com/search?q=Boston%20America%20A%20Christmas%20Story%20FRA-GEE-LAY%20Wood%20Crate%2C%20Orange%20Sour%20Candy%2C%20Collectible%20Slider%20Tin%20Shaped%20filled%20with%20Leg%20Lamp%20Shaped%20Candies%2C%201.5%20Ounce%20Tin,https://seller.walmart.com/catalog/add-items?search=5066754356,N/A,no,no,no,1,0,1,2,BiG Confections,mfn,$48.99,2,$48.99,$48.99,48.99,24.83,13.31,27.18 %,53.62 %,33.25,30.51,1,NA,N/A,$10.85,$3.45,0,$7.35,15.00%,$0.00,1,$0.04,$0.30 /lb,$0.04,$0.00,$0.00,$0.00,$0.00,0,$0.00,,0,"For better accuracy, we’ve used dimensions from B09L3FK6NX to provide more precise estimates,3 or less sellers","2.87, 2.80, 0.87 in, 0.15 lbs",2.87,2.80,0.87,0.15,N/A,Computer
"05/06/2025, 04:20 AM PDT","05/06/2025, 07:20 AM EDT","05/06/2025, 06:20 AM CDT","05/06/2025, 04:20 AM PDT",88 ACRES Nut Free Seed + Oat Bar Dark Chocolate Sea Salt 1.6 oz Pack of 4,15028056605,968864041440,N/A,N/A,88 Acres,Grocery,Snack Bars,N/A,N/A,N/A,https://i5.walmartimages.com/seo/88-ACRES-Nut-Free-Seed-Oat-Bar-Dark-Chocolate-Sea-Salt-1-6-oz-Pack-of-4_66a65436-6308-45dd-b012-c37b76fa9bdd.ca1a8055df5b96f0b2b68d2ea0ee64fa.jpeg,,N/A,https://www.walmart.com/ip/15028056605,5.4,N/A,https://www.amazon.com/s?k=88%20ACRES%20Nut%20Free%20Seed%20%2B%20Oat%20Bar%20Dark%20Chocolate%20Sea%20Salt%201.6%20oz%20Pack%20of%204,https://www.ebay.com/sch/i.html?_nkw=88%20ACRES%20Nut%20Free%20Seed%20%2B%20Oat%20Bar%20Dark%20Chocolate%20Sea%20Salt%201.6%20oz%20Pack%20of%204,https://www.google.com/search?q=88%20ACRES%20Nut%20Free%20Seed%20%2B%20Oat%20Bar%20Dark%20Chocolate%20Sea%20Salt%201.6%20oz%20Pack%20of%204,https://seller.walmart.com/catalog/add-items?search=15028056605,N/A,no,no,no,1,0,1,6,iCapsi,mfn,$25.81,6,$25.81,$25.81,25.81,5.4,13.03,50.49 %,241.33 %,0.00,14.75,1,NA,N/A,$7.38,$3.45,0,$3.87,15.00%,$0.00,1,$0.05,$0.30 /lb,$0.05,$0.00,$0.00,$0.00,$0.00,0,$0.00,,0,"For better accuracy, we’ve used dimensions from B0DTXYFFFG to provide more precise estimates,3 or less sellers","4.96, 1.73, 0.67 in, 0.18 lbs",4.96,1.73,0.67,0.18,N/A,Computer
"05/02/2025, 05:33 AM PDT","05/02/2025, 08:33 AM EDT","05/02/2025, 07:33 AM CDT","05/02/2025, 05:33 AM PDT","Golden Girls Holiday Palm Sweater Candy in Collectible Tin, 1.5 Ounces of Sour Green Apple Flavored Palm Tree Candy - 12 Count Display Box",3578263952,611508600502,12 Tins,2,Boston America,Grocery,Hard Candy,N/A,N/A,N/A,https://i5.walmartimages.com/seo/Golden-Girls-Holiday-Palm-Sweater-Candy-in-Collectible-Tin-1-5-Ounces-of-Sour-Green-Apple-Flavored-Palm-Tree-Candy-12-Count-Display-Box_747d4bf2-6fb9-4d73-b46b-0a5a44ddf547.dc5146372c8d6a99bb1a39682493441c.jpeg,,N/A,https://www.walmart.com/ip/3578263952,24.83,N/A,https://www.amazon.com/s?k=Golden%20Girls%20Holiday%20Palm%20Sweater%20Candy%20in%20Collectible%20Tin%2C%201.5%20Ounces%20of%20Sour%20Green%20Apple%20Flavored%20Palm%20Tree%20Candy%20-%2012%20Count%20Display%20Box,https://www.ebay.com/sch/i.html?_nkw=Golden%20Girls%20Holiday%20Palm%20Sweater%20Candy%20in%20Collectible%20Tin%2C%201.5%20Ounces%20of%20Sour%20Green%20Apple%20Flavored%20Palm%20Tree%20Candy%20-%2012%20Count%20Display%20Box,https://www.google.com/search?q=Golden%20Girls%20Holiday%20Palm%20Sweater%20Candy%20in%20Collectible%20Tin%2C%201.5%20Ounces%20of%20Sour%20Green%20Apple%20Flavored%20Palm%20Tree%20Candy%20-%2012%20Count%20Display%20Box,https://seller.walmart.com/catalog/add-items?search=3578263952,N/A,no,no,no,1,0,1,2,BiG Confections,mfn,$43.99,2,$43.99,$43.99,43.99,24.83,12.56,28.56 %,50.59 %,29.10,29.91,1,NA,N/A,$6.60,$0.00,0,$6.60,15.00%,$0.00,1,$0.00,$0.30 /lb,$0.00,$0.00,$0.00,$0.00,$0.00,0,$0.00,,0,"The listing has 2 variations,For better accuracy, we’ve used dimensions from  to provide more precise estimates,3 or less sellers","0.00, 0.00, 0.00 in, 0.00 lbs",0.00,0.00,0.00,0.00,N/A,Computer
"05/02/2025, 03:53 AM PDT","05/02/2025, 06:53 AM EDT","05/02/2025, 05:53 AM CDT","05/02/2025, 03:53 AM PDT",Flamingo Pool Party Tin Candy Pink Flip Flop Shaped Candies - 12 Count Display Box,314947004,611508581504,6 Oz,1,Boston America,Grocery,Hard Candy,N/A,N/A,N/A,https://i5.walmartimages.com/seo/Flamingo-Pool-Party-Tin-Candy-Pink-Flip-Flop-Shaped-Candies-12-Count-Display-Box_ff23dfd3-4c45-4fc9-85c3-2c2fdc3a005d.3c175512eae131e24074a5add7e303ab.jpeg,,N/A,https://www.walmart.com/ip/314947004,24.6,https://www.amazon.com/dp/B089KV5K5N,https://www.amazon.com/s?k=Flamingo%20Pool%20Party%20Tin%20Candy%20Pink%20Flip%20Flop%20Shaped%20Candies%20-%2012%20Count%20Display%20Box,https://www.ebay.com/sch/i.html?_nkw=Flamingo%20Pool%20Party%20Tin%20Candy%20Pink%20Flip%20Flop%20Shaped%20Candies%20-%2012%20Count%20Display%20Box,https://www.google.com/search?q=Flamingo%20Pool%20Party%20Tin%20Candy%20Pink%20Flip%20Flop%20Shaped%20Candies%20-%2012%20Count%20Display%20Box,https://seller.walmart.com/catalog/add-items?search=314947004,N/A,no,no,no,2,0,2,4,BiG Confections,mfn,$49.99,2,$49.99,$55.75,49.99,24.6,12.52,25.04 %,50.89 %,35.15,29.70,1,$46.99,N/A,$12.87,$4.95,0,$7.50,15.00%,$0.06,1,$0.36,$0.30 /lb,$0.36,$0.00,$0.00,$0.00,$0.00,0,$0.00,,0,"Pulling package information from B089KV5K5N via amazon.com,3 or less sellers","8.27, 5.75, 2.99 in, 1.20 lbs",8.27,5.75,2.99,1.20,N/A,Computer
"04/30/2025, 12:03 AM PDT","04/30/2025, 03:03 AM EDT","04/30/2025, 02:03 AM CDT","04/30/2025, 12:03 AM PDT",Kracie Popin Cookin Ramen DIY Candy Kit 1.1 oz. Pack of 2,13525805590,968867018388,N/A,N/A,Kracie,Grocery,Gummy Candy,N/A,N/A,N/A,https://i5.walmartimages.com/seo/Kracie-Popin-Cookin-Ramen-DIY-Candy-Kit-1-1-oz-Pack-of-2_29683a84-450d-4a50-a460-468f97405bb9.19920dd8a2dbdd094d6629934ca5daba.jpeg,,N/A,https://www.walmart.com/ip/13525805590,7.18,N/A,https://www.amazon.com/s?k=Kracie%20Popin%20Cookin%20Ramen%20DIY%20Candy%20Kit%201.1%20oz.%20Pack%20of%202,https://www.ebay.com/sch/i.html?_nkw=Kracie%20Popin%20Cookin%20Ramen%20DIY%20Candy%20Kit%201.1%20oz.%20Pack%20of%202,https://www.google.com/search?q=Kracie%20Popin%20Cookin%20Ramen%20DIY%20Candy%20Kit%201.1%20oz.%20Pack%20of%202,https://seller.walmart.com/catalog/add-items?search=13525805590,N/A,no,no,no,2,0,2,8,ANYAN LLC,mfn,$27.17,2,$27.17,$30.16,27.17,7.18,12.4,45.62 %,172.64 %,11.55,15.66,1,NA,N/A,$7.59,$3.45,0,$4.08,15.00%,$0.02,1,$0.04,$0.30 /lb,$0.04,$0.00,$0.00,$0.00,$0.00,0,$0.00,,0,"For better accuracy, we’ve used dimensions from B077VWQ7LW to provide more precise estimates,3 or less sellers","5.87, 5.08, 1.85 in, 0.15 lbs",5.87,5.08,1.85,0.15,N/A,Computer
"05/02/2025, 03:15 AM PDT","05/02/2025, 06:15 AM EDT","05/02/2025, 05:15 AM CDT","05/02/2025, 03:15 AM PDT",Dippin' DOTS Candy Coated Popping Candy 0.53 Oz. Pack of 20,15697673901,0,N/A,N/A,Dippin' Dots,Grocery,Hard Candy,N/A,N/A,N/A,https://i5.walmartimages.com/seo/Dippin-DOTS-Candy-Coated-Popping-Candy-0-53-Oz_d851393c-04f0-4897-98bb-19921ffd15be.df2e6a74a81976199b9110550a7842f1.jpeg,,N/A,https://www.walmart.com/ip/15697673901,13.4,https://www.amazon.com/dp/undefined,https://www.amazon.com/s?k=Dippin'%20DOTS%20Candy%20Coated%20Popping%20Candy%200.53%20Oz.%20Pack%20of%2020,https://www.ebay.com/sch/i.html?_nkw=Dippin'%20DOTS%20Candy%20Coated%20Popping%20Candy%200.53%20Oz.%20Pack%20of%2020,https://www.google.com/search?q=Dippin'%20DOTS%20Candy%20Coated%20Popping%20Candy%200.53%20Oz.%20Pack%20of%2020,https://seller.walmart.com/catalog/add-items?search=15697673901,N/A,no,no,no,1,0,1,1,Ferguson Distributors,mfn,$36.46,1,$36.46,$36.46,36.46,13.4,12.35,33.86 %,92.13 %,21.85,20.60,1,,N/A,$10.71,$4.95,0,$5.47,15.00%,$0.04,1,$0.25,$0.30 /lb,$0.25,$0.00,$0.00,$0.00,$0.00,0,$0.00,,0,"For better accuracy, we’ve used dimensions from B0CYM5HD7R to provide more precise estimates,3 or less sellers","5.79, 5.16, 3.31 in, 0.84 lbs",5.79,5.16,3.31,0.84,N/A,Computer
"05/05/2025, 03:26 AM PDT","05/05/2025, 06:26 AM EDT","05/05/2025, 05:26 AM CDT","05/05/2025, 03:26 AM PDT",Jelly Belly Soda Pop Shoppe Bottles 24 Count,372591201,71567986786,N/A,N/A,Jelly Belly,Grocery,Jelly Beans,N/A,N/A,N/A,https://i5.walmartimages.com/seo/Jelly-Belly-Soda-Pop-Shoppe-Bottles-24-Count_1c168c75-034c-4664-9243-24883c579a3e.a93605ca766e2cadbe9ccb066be3bafd.jpeg,,N/A,https://www.walmart.com/ip/372591201,50.88,https://www.amazon.com/dp/B0043WFGZA,https://www.amazon.com/s?k=Jelly%20Belly%20Soda%20Pop%20Shoppe%20Bottles%2024%20Count,https://www.ebay.com/sch/i.html?_nkw=Jelly%20Belly%20Soda%20Pop%20Shoppe%20Bottles%2024%20Count,https://www.google.com/search?q=Jelly%20Belly%20Soda%20Pop%20Shoppe%20Bottles%2024%20Count,https://seller.walmart.com/catalog/add-items?search=372591201,N/A,no,no,no,2,0,2,4,Candy Retailer,mfn,$82.27,3,$82.27,$92.50,82.27,50.88,12.19,14.82 %,23.96 %,67.85,50.45,1,$84.17,N/A,$19.20,$5.75,0,$12.34,15.00%,$0.14,1,$0.97,$0.30 /lb,$0.97,$0.00,$0.00,$0.00,$0.00,0,$0.00,,0,"Pulling package information from B0043WFGZA via amazon.com,3 or less sellers","10.00, 6.42, 4.88 in, 3.25 lbs",10.00,6.42,4.88,3.25,N/A,Computer
"05/06/2025, 12:47 AM PDT","05/06/2025, 03:47 AM EDT","05/06/2025, 02:47 AM CDT","05/06/2025, 12:47 AM PDT","Peanuts Easter Beagle, Strawberry Cake Flavored Candy, 1.5 Ounce Tin - 12 Count Display Box",15215062229,611508612307,12,2,Boston America,Grocery,Fruit Flavored Candy,N/A,N/A,N/A,https://i5.walmartimages.com/seo/Peanuts-Easter-Beagle-Strawberry-Cake-Flavored-Candy-1-5-Ounce-Tin-12-Count-Display-Box_27b91f3a-2ed1-4de6-a746-aeddf7aee495.3ab809f4dbefc46c78baca8c5f8926ca.jpeg,,N/A,https://www.walmart.com/ip/15215062229,25.2,N/A,https://www.amazon.com/s?k=Peanuts%20Easter%20Beagle%2C%20Strawberry%20Cake%20Flavored%20Candy%2C%201.5%20Ounce%20Tin%20-%2012%20Count%20Display%20Box,https://www.ebay.com/sch/i.html?_nkw=Peanuts%20Easter%20Beagle%2C%20Strawberry%20Cake%20Flavored%20Candy%2C%201.5%20Ounce%20Tin%20-%2012%20Count%20Display%20Box,https://www.google.com/search?q=Peanuts%20Easter%20Beagle%2C%20Strawberry%20Cake%20Flavored%20Candy%2C%201.5%20Ounce%20Tin%20-%2012%20Count%20Display%20Box,https://seller.walmart.com/catalog/add-items?search=15215062229,N/A,no,no,no,1,0,1,3,BiG Confections,mfn,$43.99,3,$43.99,$43.99,43.99,25.2,12.19,27.71 %,48.38 %,29.55,29.91,1,NA,N/A,$6.60,$0.00,0,$6.60,15.00%,$0.00,1,$0.00,$0.30 /lb,$0.00,$0.00,$0.00,$0.00,$0.00,0,$0.00,,0,"The listing has 2 variations,For better accuracy, we’ve used dimensions from  to provide more precise estimates,3 or less sellers","0.00, 0.00, 0.00 in, 0.00 lbs",0.00,0.00,0.00,0.00,N/A,Computer
"04/30/2025, 06:18 AM PDT","04/30/2025, 09:18 AM EDT","04/30/2025, 08:18 AM CDT","04/30/2025, 06:18 AM PDT","Pack of 2 Justin's Organic Dark Chocolate Peanut Butter Cups, 1.4 oz (Package May Vary)",16209758116,915953595407,N/A,N/A,Justin's,Grocery,Chocolate Candy,N/A,N/A,N/A,https://i5.walmartimages.com/seo/Pack-of-2-Justin-s-Organic-Dark-Chocolate-Peanut-Butter-Cups-1-4-oz-Package-May-Vary_1a9c3454-e5ee-4a4a-97b4-9205b48062b5.5d9b6699ad887f0c23a7eb507af3d3c0.jpeg,,N/A,https://www.walmart.com/ip/16209758116,4.52,N/A,https://www.amazon.com/s?k=Pack%20of%202%20Justin's%20Organic%20Dark%20Chocolate%20Peanut%20Butter%20Cups%2C%201.4%20oz%20(Package%20May%20Vary),https://www.ebay.com/sch/i.html?_nkw=Pack%20of%202%20Justin's%20Organic%20Dark%20Chocolate%20Peanut%20Butter%20Cups%2C%201.4%20oz%20(Package%20May%20Vary),https://www.google.com/search?q=Pack%20of%202%20Justin's%20Organic%20Dark%20Chocolate%20Peanut%20Butter%20Cups%2C%201.4%20oz%20(Package%20May%20Vary),https://seller.walmart.com/catalog/add-items?search=16209758116,N/A,no,no,no,1,0,1,3,autoxpres,mfn,$25.49,3,$25.49,$25.49,25.49,4.52,11.76,46.12 %,260.07 %,10.70,13.02,1,NA,N/A,$9.21,$4.95,0,$3.82,15.00%,$0.06,1,$0.38,$0.30 /lb,$0.38,$0.00,$0.00,$0.00,$0.00,0,$0.00,,0,"For better accuracy, we’ve used dimensions from B004F4GH4K to provide more precise estimates,3 or less sellers","6.18, 5.35, 4.41 in, 1.26 lbs",6.18,5.35,4.41,1.26,N/A,Computer
"05/07/2025, 01:27 AM PDT","05/07/2025, 04:27 AM EDT","05/07/2025, 03:27 AM CDT","05/07/2025, 01:27 AM PDT","Pink Rock Candy Stick Pops, 12 Individually Wrapped Suckers, Girl Baby Shower, Gender Reveal, Wedding and Party Candy",664208785,886102578766,N/A,N/A,Fun Express,Grocery,Lollipops & Suckers,N/A,N/A,Demerasmv7tsgpzia-02,https://i5.walmartimages.com/seo/Pink-Rock-Candy-Stick-Pops-12-Individually-Wrapped-Suckers-Girl-Baby-Shower-Gender-Reveal-Wedding-and-Party-Candy_3a4d03aa-51be-4d24-ab39-0e8923fd88d4.48d1b6da7f23e6e54a82a9abcbeec80f.jpeg,,N/A,https://www.walmart.com/ip/664208785,5.16,https://www.amazon.com/dp/B00NQ9XAOA,https://www.amazon.com/s?k=Pink%20Rock%20Candy%20Stick%20Pops%2C%2012%20Individually%20Wrapped%20Suckers%2C%20Girl%20Baby%20Shower%2C%20Gender%20Reveal%2C%20Wedding%20and%20Party%20Candy,https://www.ebay.com/sch/i.html?_nkw=Pink%20Rock%20Candy%20Stick%20Pops%2C%2012%20Individually%20Wrapped%20Suckers%2C%20Girl%20Baby%20Shower%2C%20Gender%20Reveal%2C%20Wedding%20and%20Party%20Candy,https://www.google.com/search?q=Pink%20Rock%20Candy%20Stick%20Pops%2C%2012%20Individually%20Wrapped%20Suckers%2C%20Girl%20Baby%20Shower%2C%20Gender%20Reveal%2C%20Wedding%20and%20Party%20Candy,https://seller.walmart.com/catalog/add-items?search=664208785,N/A,no,no,no,1,0,1,309,FUN EXPRESS,mfn,$24.20,309,$24.20,$24.20,24.2,5.16,11.69,48.29 %,226.49 %,0.00,13.48,1,$24.20,N/A,$7.35,$3.45,0,$3.63,15.00%,$0.05,1,$0.22,$0.30 /lb,$0.22,$0.00,$0.00,$0.00,$0.00,0,$0.00,,0,"Pulling package information from B00NQ9XAOA via amazon.com,3 or less sellers","7.83, 4.61, 3.07 in, 0.75 lbs",7.83,4.61,3.07,0.75,N/A,Computer
"05/02/2025, 12:17 AM PDT","05/02/2025, 03:17 AM EDT","05/02/2025, 02:17 AM CDT","05/02/2025, 12:17 AM PDT","Pickle Gourmet Flavored Cotton Candy ( 2 Pack ) – Unique Idea for Holidays, Birthdays, Gag Gifts, Party Favors",873310816,609015730058,N/A,N/A,Chocolate Storybook,Grocery,Sour Candy,N/A,N/A,N/A,https://i5.walmartimages.com/seo/Pickle-Gourmet-Flavored-Cotton-Candy-2-Pack-Unique-Idea-for-Holidays-Birthdays-Gag-Gifts-Party-Favors_08b219aa-e93b-48a9-896b-e446fafb1309.08efe5b79f86181043b359794324d513.jpeg,,N/A,https://www.walmart.com/ip/873310816,6,https://www.amazon.com/dp/B08Y12RP67,https://www.amazon.com/s?k=Pickle%20Gourmet%20Flavored%20Cotton%20Candy%20(%202%20Pack%20)%20%E2%80%93%20Unique%20Idea%20for%20Holidays%2C%20Birthdays%2C%20Gag%20Gifts%2C%20Party%20Favors,https://www.ebay.com/sch/i.html?_nkw=Pickle%20Gourmet%20Flavored%20Cotton%20Candy%20(%202%20Pack%20)%20%E2%80%93%20Unique%20Idea%20for%20Holidays%2C%20Birthdays%2C%20Gag%20Gifts%2C%20Party%20Favors,https://www.google.com/search?q=Pickle%20Gourmet%20Flavored%20Cotton%20Candy%20(%202%20Pack%20)%20%E2%80%93%20Unique%20Idea%20for%20Holidays%2C%20Birthdays%2C%20Gag%20Gifts%2C%20Party%20Favors,https://seller.walmart.com/catalog/add-items?search=873310816,N/A,no,no,no,1,0,1,20,Avenue A Stores LLC,mfn,$25.07,20,$25.07,$25.07,25.07,6,11.59,46.25 %,193.23 %,10.50,14.08,1,$14.99,N/A,$7.48,$3.45,0,$3.76,15.00%,$0.13,1,$0.14,$0.30 /lb,$0.14,$0.00,$0.00,$0.00,$0.00,0,$0.00,,0,"Pulling package information from B08Y12RP67 via amazon.com,3 or less sellers","9.09, 6.22, 5.20 in, 0.46 lbs",9.09,6.22,5.20,0.46,N/A,Computer
"05/01/2025, 11:38 PM PDT","05/02/2025, 02:38 AM EDT","05/02/2025, 01:38 AM CDT","05/01/2025, 11:38 PM PDT",Beetlejuice Afterlife Sours 1.5 oz. Tin,2357624561,611508605804,Case of 12,2,Boston America,Grocery,Sour Candy,N/A,N/A,N/A,https://i5.walmartimages.com/seo/Beetlejuice-Afterlife-Sours-1-5-oz-Tin_d5a21f45-fbb1-444d-ad7b-d1ca8585dce3.ccaf8112d533312ad6b4c55e617422e4.jpeg,,N/A,https://www.walmart.com/ip/2357624561,25.8,N/A,https://www.amazon.com/s?k=Beetlejuice%20Afterlife%20Sours%201.5%20oz.%20Tin,https://www.ebay.com/sch/i.html?_nkw=Beetlejuice%20Afterlife%20Sours%201.5%20oz.%20Tin,https://www.google.com/search?q=Beetlejuice%20Afterlife%20Sours%201.5%20oz.%20Tin,https://seller.walmart.com/catalog/add-items?search=2357624561,N/A,no,no,no,2,0,2,3,BiG Confections,mfn,$47.99,2,$47.99,$60.50,47.99,25.8,11.48,23.92 %,44.49 %,34.40,29.82,1,NA,N/A,$10.71,$3.45,0,$7.20,15.00%,$0.00,1,$0.06,$0.30 /lb,$0.06,$0.00,$0.00,$0.00,$0.00,0,$0.00,,0,"The listing has 2 variations,For better accuracy, we’ve used dimensions from B0CF2JZ6MM to provide more precise estimates,3 or less sellers","3.50, 2.76, 0.75 in, 0.20 lbs",3.50,2.76,0.75,0.20,N/A,Computer
"05/01/2025, 11:29 PM PDT","05/02/2025, 02:29 AM EDT","05/02/2025, 01:29 AM CDT","05/01/2025, 11:29 PM PDT","PEZ Disney Princess, 0.58-Ounce Assorted Candy Dispensers (Pack of 12)",5065487083,100372713130,N/A,N/A,PEZ,Home & Garden,Dried Food Dispensers,PEZ,N/A,N/A,https://i5.walmartimages.com/seo/PEZ-Disney-Princess-0-58-Ounce-Assorted-Candy-Dispensers-Pack-of-12_81a3175d-09ff-404c-a522-6ce08ebff8ff.a4aacb33f1abf6b8bff05eec41c1da1d.jpeg,,N/A,https://www.walmart.com/ip/5065487083,19.92,N/A,https://www.amazon.com/s?k=PEZ%20Disney%20Princess%2C%200.58-Ounce%20Assorted%20Candy%20Dispensers%20(Pack%20of%2012),https://www.ebay.com/sch/i.html?_nkw=PEZ%20Disney%20Princess%2C%200.58-Ounce%20Assorted%20Candy%20Dispensers%20(Pack%20of%2012),https://www.google.com/search?q=PEZ%20Disney%20Princess%2C%200.58-Ounce%20Assorted%20Candy%20Dispensers%20(Pack%20of%2012),https://seller.walmart.com/catalog/add-items?search=5065487083,N/A,yes,no,no,1,0,1,3,Soft Stars,mfn,$42.96,3,$42.96,$42.96,42.96,19.92,11.18,26.02 %,56.11 %,29.70,24.88,1,NA,N/A,$11.86,$4.95,0,$6.44,15.00%,$0.09,1,$0.38,$0.30 /lb,$0.38,$0.00,$0.00,$0.00,$0.00,0,$0.00,,0,"For better accuracy, we’ve used dimensions from B000VK3QPK to provide more precise estimates,3 or less sellers","6.54, 6.30, 5.08 in, 1.26 lbs",6.54,6.30,5.08,1.26,N/A,Computer
"05/01/2025, 11:13 PM PDT","05/02/2025, 02:13 AM EDT","05/02/2025, 01:13 AM CDT","05/01/2025, 11:13 PM PDT","The Legend of Korra, Sour Blue Raspberry Water Element Candy, 1 Ounce Tin  - 12 Count Display Box",1144331938,611508598908,1 oz,2,Boston America,Grocery,Sour Candy,N/A,N/A,N/A,https://i5.walmartimages.com/seo/The-Legend-of-Korra-Sour-Blue-Raspberry-Water-Element-Candy-1-Ounce-Tin-12-Count-Display-Box_8705519c-57c3-4313-ad3d-efe955214c92.6a750eb7dd3a18e68bd213c5bd314f0b.jpeg,,N/A,https://www.walmart.com/ip/1144331938,24.6,N/A,https://www.amazon.com/s?k=The%20Legend%20of%20Korra%2C%20Sour%20Blue%20Raspberry%20Water%20Element%20Candy%2C%201%20Ounce%20Tin%20%20-%2012%20Count%20Display%20Box,https://www.ebay.com/sch/i.html?_nkw=The%20Legend%20of%20Korra%2C%20Sour%20Blue%20Raspberry%20Water%20Element%20Candy%2C%201%20Ounce%20Tin%20%20-%2012%20Count%20Display%20Box,https://www.google.com/search?q=The%20Legend%20of%20Korra%2C%20Sour%20Blue%20Raspberry%20Water%20Element%20Candy%2C%201%20Ounce%20Tin%20%20-%2012%20Count%20Display%20Box,https://seller.walmart.com/catalog/add-items?search=1144331938,N/A,no,no,no,2,0,2,11,BiG Confections,mfn,$41.99,7,$41.99,$60.50,41.99,24.6,11.09,26.41 %,45.09 %,28.85,28.55,1,NA,N/A,$6.30,$0.00,0,$6.30,15.00%,$0.00,1,$0.00,$0.30 /lb,$0.00,$0.00,$0.00,$0.00,$0.00,0,$0.00,,0,"The listing has 2 variations,For better accuracy, we’ve used dimensions from  to provide more precise estimates,3 or less sellers","0.00, 0.00, 0.00 in, 0.00 lbs",0.00,0.00,0.00,0.00,N/A,Computer
"05/03/2025, 03:18 AM PDT","05/03/2025, 06:18 AM EDT","05/03/2025, 05:18 AM CDT","05/03/2025, 03:18 AM PDT",ICEE Sour Tubes Powder Candy 0.49 oz. - Case of 30,5586582431,632365627419,0.49 oz,1,ICEE,Grocery,Sour Candy,N/A,N/A,N/A,https://i5.walmartimages.com/seo/ICEE-Sour-Tubes-Powder-Candy-0-49-oz-Case-of-30_13522524-a326-419c-9daa-a9bf39992178.8c9e33f040d4ddbf88ae7b4fbf1675c7.jpeg,,N/A,https://www.walmart.com/ip/5586582431,8.1,N/A,https://www.amazon.com/s?k=ICEE%20Sour%20Tubes%20Powder%20Candy%200.49%20oz.%20-%20Case%20of%2030,https://www.ebay.com/sch/i.html?_nkw=ICEE%20Sour%20Tubes%20Powder%20Candy%200.49%20oz.%20-%20Case%20of%2030,https://www.google.com/search?q=ICEE%20Sour%20Tubes%20Powder%20Candy%200.49%20oz.%20-%20Case%20of%2030,https://seller.walmart.com/catalog/add-items?search=5586582431,N/A,no,no,no,2,0,2,22,All City Candy,mfn,$28.75,12,$28.75,$33.56,28.75,8.1,10.83,37.67 %,133.70 %,14.70,15.14,1,NA,N/A,$9.82,$4.95,0,$4.31,15.00%,$0.08,1,$0.48,$0.30 /lb,$0.48,$0.00,$0.00,$0.00,$0.00,0,$0.00,,0,"For better accuracy, we’ve used dimensions from B002ER9PWQ to provide more precise estimates,3 or less sellers","6.57, 6.30, 4.49 in, 1.59 lbs",6.57,6.30,4.49,1.59,N/A,Computer
"04/29/2025, 11:50 PM PDT","04/30/2025, 02:50 AM EDT","04/30/2025, 01:50 AM CDT","04/29/2025, 11:50 PM PDT","Pack of 2 Glico Pocky Cookies & Cream-Covered Biscuit Sticks, 2.47 oz (Package May Vary)",16233614818,915953599474,N/A,N/A,Glico,Grocery,Cookies,N/A,N/A,N/A,https://i5.walmartimages.com/seo/Pack-of-2-Glico-Pocky-Cookies-Cream-Covered-Biscuit-Sticks-2-47-oz-Package-May-Vary_8b394217-376f-4624-9ff9-2ebb345cf6f6.71a3a01218aaf8ee9497be5861e88ab5.jpeg,,N/A,https://www.walmart.com/ip/16233614818,4.3,N/A,https://www.amazon.com/s?k=Pack%20of%202%20Glico%20Pocky%20Cookies%20%26%20Cream-Covered%20Biscuit%20Sticks%2C%202.47%20oz%20(Package%20May%20Vary),https://www.ebay.com/sch/i.html?_nkw=Pack%20of%202%20Glico%20Pocky%20Cookies%20%26%20Cream-Covered%20Biscuit%20Sticks%2C%202.47%20oz%20(Package%20May%20Vary),https://www.google.com/search?q=Pack%20of%202%20Glico%20Pocky%20Cookies%20%26%20Cream-Covered%20Biscuit%20Sticks%2C%202.47%20oz%20(Package%20May%20Vary),https://seller.walmart.com/catalog/add-items?search=16233614818,N/A,no,no,no,1,0,1,3,autoxpres,mfn,$24.07,3,$24.07,$24.07,24.07,4.3,10.75,44.64 %,249.89 %,10.50,12.04,1,NA,N/A,$9.02,$4.95,0,$3.61,15.00%,$0.08,1,$0.38,$0.30 /lb,$0.38,$0.00,$0.00,$0.00,$0.00,0,$0.00,,0,"For better accuracy, we’ve used dimensions from B01BVBD468 to provide more precise estimates,3 or less sellers","6.54, 6.18, 4.57 in, 1.28 lbs",6.54,6.18,4.57,1.28,N/A,Computer
"05/02/2025, 03:19 AM PDT","05/02/2025, 06:19 AM EDT","05/02/2025, 05:19 AM CDT","05/02/2025, 03:19 AM PDT",DISNEY PRINCESS CHARACTER CANDY FAN 0.53 oz Each ( 12 in a Pack ),411670072,657789550013,N/A,N/A,Disney,Home & Garden,Dried Food Dispensers,N/A,00810,N/A,https://i5.walmartimages.com/seo/DISNEY-PRINCESS-CHARACTER-CANDY-FAN-0-53-oz-Each-12-in-a-Pack_6003eedc-9b39-4bd2-b66e-b9804d6c7676_1.fb23e92d9ba436ac77f1e46688312360.jpeg,,N/A,https://www.walmart.com/ip/411670072,58.2,N/A,https://www.amazon.com/s?k=DISNEY%20PRINCESS%20CHARACTER%20CANDY%20FAN%200.53%20oz%20Each%20(%2012%20in%20a%20Pack%20),https://www.ebay.com/sch/i.html?_nkw=DISNEY%20PRINCESS%20CHARACTER%20CANDY%20FAN%200.53%20oz%20Each%20(%2012%20in%20a%20Pack%20),https://www.google.com/search?q=DISNEY%20PRINCESS%20CHARACTER%20CANDY%20FAN%200.53%20oz%20Each%20(%2012%20in%20a%20Pack%20),https://seller.walmart.com/catalog/add-items?search=411670072,N/A,no,no,no,1,0,1,10,Grab Deals LLC,mfn,$87.50,10,$87.50,$87.50,87.5,58.2,10.75,12.29 %,18.47 %,74.75,55.16,1,NA,N/A,$18.55,$4.95,0,$13.13,15.00%,$0.10,1,$0.38,$0.30 /lb,$0.38,$0.00,$0.00,$0.00,$0.00,0,$0.00,,0,"For better accuracy, we’ve used dimensions from B002FXLIEM to provide more precise estimates,3 or less sellers","7.09, 6.30, 5.12 in, 1.25 lbs",7.09,6.30,5.12,1.25,N/A,Computer
"04/30/2025, 06:27 AM PDT","04/30/2025, 09:27 AM EDT","04/30/2025, 08:27 AM CDT","04/30/2025, 06:27 AM PDT",Lily's Sweets Dark Chocolate Bar 70% Sea Salt 2.8 oz (Pack Of 12),12913719769,613074231517,Sea Salt,11,Lily's,Grocery,Chocolate Candy,N/A,N/A,N/A,https://i5.walmartimages.com/seo/Lily-s-Sweets-Dark-Chocolate-Bar-70-Sea-Salt-2-8-oz-Pack-Of-12_207a3ffa-80b6-4cae-91b3-a3a0192ae6b5.3d8d390cc9d936fdc2bf1a3c0f6c1eb6.jpeg,,N/A,https://www.walmart.com/ip/12913719769,46.8,N/A,https://www.amazon.com/s?k=Lily's%20Sweets%20Dark%20Chocolate%20Bar%2070%25%20Sea%20Salt%202.8%20oz%20(Pack%20Of%2012),https://www.ebay.com/sch/i.html?_nkw=Lily's%20Sweets%20Dark%20Chocolate%20Bar%2070%25%20Sea%20Salt%202.8%20oz%20(Pack%20Of%2012),https://www.google.com/search?q=Lily's%20Sweets%20Dark%20Chocolate%20Bar%2070%25%20Sea%20Salt%202.8%20oz%20(Pack%20Of%2012),https://seller.walmart.com/catalog/add-items?search=12913719769,N/A,no,no,no,1,0,1,12,UniversoBrands,mfn,$74.99,12,$74.99,$74.99,74.99,46.8,10.73,14.31 %,22.92 %,62.30,46.02,1,NA,N/A,$17.46,$5.45,0,$11.25,15.00%,$0.05,1,$0.71,$0.30 /lb,$0.71,$0.00,$0.00,$0.00,$0.00,0,$0.00,,0,"The listing has 11 variations,For better accuracy, we’ve used dimensions from B00Z9OYA6C to provide more precise estimates,3 or less sellers","6.14, 5.94, 3.15 in, 2.38 lbs",6.14,5.94,3.15,2.38,N/A,Computer
"05/02/2025, 03:43 AM PDT","05/02/2025, 06:43 AM EDT","05/02/2025, 05:43 AM CDT","05/02/2025, 03:43 AM PDT",POOP Emoji Candy Tin 1 oz.,512239851,611508570706,12 Count Box,2,Boston America,Home & Garden,Food Storage Canisters,N/A,N/A,N/A,https://i5.walmartimages.com/seo/POOP-Emoji-Candy-Tin-1-oz_00a47284-ad3a-439a-9d39-0862e9a120de.052068e00dcbb380972a561ebffa10e9.jpeg,,N/A,https://www.walmart.com/ip/512239851,24.6,https://www.amazon.com/dp/B089JKD42Q,https://www.amazon.com/s?k=POOP%20Emoji%20Candy%20Tin%201%20oz.,https://www.ebay.com/sch/i.html?_nkw=POOP%20Emoji%20Candy%20Tin%201%20oz.,https://www.google.com/search?q=POOP%20Emoji%20Candy%20Tin%201%20oz.,https://seller.walmart.com/catalog/add-items?search=512239851,N/A,no,no,no,1,0,1,3,BiG Confections,mfn,$46.99,3,$46.99,$46.99,46.99,24.6,9.84,20.95 %,40.02 %,35.30,27.56,1,$46.99,N/A,$12.55,$4.95,0,$7.05,15.00%,$0.06,1,$0.48,$0.30 /lb,$0.48,$0.00,$0.00,$0.00,$0.00,0,$0.00,,0,"The listing has 2 variations,Pulling package information from B089JKD42Q via amazon.com,3 or less sellers","7.20, 6.50, 3.15 in, 1.61 lbs",7.20,6.50,3.15,1.61,N/A,Computer
"04/30/2025, 12:10 AM PDT","04/30/2025, 03:10 AM EDT","04/30/2025, 02:10 AM CDT","04/30/2025, 12:10 AM PDT","Glico Pretz Biscuit Stick, SSF20 Pizza Flavored, 1.09 Ounce (Pack of 10)",16031606020,0,N/A,N/A,プリッツ,Grocery,Snack Crackers,Pretz,N/A,N/A,https://i5.walmartimages.com/seo/Glico-Pretz-Biscuit-Stick-SSF20-Pizza-Flavored-1-09-Ounce-Pack-of-10_95cf9d1b-ffac-451e-8734-6463c447199c.87eb14fdc874d9ffeb75bd15734156bb.jpeg,,N/A,https://www.walmart.com/ip/16031606020,11.9,https://www.amazon.com/dp/undefined,https://www.amazon.com/s?k=Glico%20Pretz%20Biscuit%20Stick%2C%20SSF20%20Pizza%20Flavored%2C%201.09%20Ounce%20(Pack%20of%2010),https://www.ebay.com/sch/i.html?_nkw=Glico%20Pretz%20Biscuit%20Stick%2C%20SSF20%20Pizza%20Flavored%2C%201.09%20Ounce%20(Pack%20of%2010),https://www.google.com/search?q=Glico%20Pretz%20Biscuit%20Stick%2C%20SSF20%20Pizza%20Flavored%2C%201.09%20Ounce%20(Pack%20of%2010),https://seller.walmart.com/catalog/add-items?search=16031606020,N/A,no,no,no,1,0,1,12,SynergySphere,mfn,$31.71,12,$31.71,$31.71,31.71,11.9,9.7,30.60 %,81.55 %,20.20,17.28,1,,N/A,$10.11,$4.95,0,$4.76,15.00%,$0.08,1,$0.32,$0.30 /lb,$0.32,$0.00,$0.00,$0.00,$0.00,0,$0.00,,0,"For better accuracy, we’ve used dimensions from B0198DFQJO to provide more precise estimates,3 or less sellers","6.42, 5.98, 4.88 in, 1.06 lbs",6.42,5.98,4.88,1.06,N/A,Computer
"05/02/2025, 12:05 AM PDT","05/02/2025, 03:05 AM EDT","05/02/2025, 02:05 AM CDT","05/02/2025, 12:05 AM PDT",Candy Mix Cassette Cherry Candies - 1.3-oz.,708752116,611508573301,1.3 oz,1,Boston America,Grocery,Fruit Flavored Candy,N/A,N/A,N/A,https://i5.walmartimages.com/seo/Candy-Mix-Cassette-Cherry-Candies-1-3-oz_de46f2a6-5c9d-4f00-adbf-3614d7a18248.63ceb2738aded9a4352890f14f845ecb.jpeg,,N/A,https://www.walmart.com/ip/708752116,36.9,N/A,https://www.amazon.com/s?k=Candy%20Mix%20Cassette%20Cherry%20Candies%20-%201.3-oz.,https://www.ebay.com/sch/i.html?_nkw=Candy%20Mix%20Cassette%20Cherry%20Candies%20-%201.3-oz.,https://www.google.com/search?q=Candy%20Mix%20Cassette%20Cherry%20Candies%20-%201.3-oz.,https://seller.walmart.com/catalog/add-items?search=708752116,N/A,no,no,no,1,0,1,3,BiG Confections,mfn,$58.99,3,$58.99,$58.99,58.99,36.9,9.64,16.35 %,26.14 %,47.55,37.24,1,NA,N/A,$12.45,$3.45,0,$8.85,15.00%,$0.03,1,$0.12,$0.30 /lb,$0.12,$0.00,$0.00,$0.00,$0.00,0,$0.00,,0,"For better accuracy, we’ve used dimensions from B0D4F1QM4G to provide more precise estimates,3 or less sellers","8.46, 5.75, 1.30 in, 0.40 lbs",8.46,5.75,1.30,0.40,N/A,Computer
"05/07/2025, 12:48 AM PDT","05/07/2025, 03:48 AM EDT","05/07/2025, 02:48 AM CDT","05/07/2025, 12:48 AM PDT","Angie's BOOMCHICKAPOP Sweet & Salty Kettle Corn Popcorn, 1 oz.",182363016,818780012072,N/A,N/A,Angie's,Grocery,Popcorns,N/A,N/A,00132116,https://i5.walmartimages.com/seo/Angie-s-BOOMCHICKAPOP-Sweet-Salty-Kettle-Corn-Popcorn-1-oz_04a6a3ef-098f-454a-bec7-d159928aa97b.8e65b1f0963f520f219c434a358d0668.jpeg,,N/A,https://www.walmart.com/ip/182363016,1.14,https://www.amazon.com/dp/B01D0HZXD8,https://www.amazon.com/s?k=Angie's%20BOOMCHICKAPOP%20Sweet%20%26%20Salty%20Kettle%20Corn%20Popcorn%2C%201%20oz.,https://www.ebay.com/sch/i.html?_nkw=Angie's%20BOOMCHICKAPOP%20Sweet%20%26%20Salty%20Kettle%20Corn%20Popcorn%2C%201%20oz.,https://www.google.com/search?q=Angie's%20BOOMCHICKAPOP%20Sweet%20%26%20Salty%20Kettle%20Corn%20Popcorn%2C%201%20oz.,https://seller.walmart.com/catalog/add-items?search=182363016,N/A,no,no,no,1,0,1,5,Zen Layer,mfn,$14.98,5,$14.98,$14.98,14.98,1.14,9.14,61.05 %,802.16 %,6.05,8.23,1,OOS,N/A,$4.70,$3.45,0,$1.20,8.00%,$0.03,1,$0.01,$0.30 /lb,$0.01,$0.00,$0.00,$0.00,$0.00,0,$0.00,5,4,3 or less sellers,"4.00, 4.60, 4.00 in, 0.05 lbs",4.00,4.60,4.00,0.05,N/A,Computer
"04/30/2025, 12:14 AM PDT","04/30/2025, 03:14 AM EDT","04/30/2025, 02:14 AM CDT","04/30/2025, 12:14 AM PDT",Glico Pretz Sweet Corn (Japan),3909612332,73141153133,Sweet Corn,4,Pretz,Grocery,Pretzels,N/A,N/A,N/A,https://i5.walmartimages.com/seo/Glico-Pretz-Sweet-Corn-Baked-Snack-Sticks-1-09-Ounce-Pack-10-Count-Display-Box_776fd63c-4f82-41be-b8fa-0b93c630ba02.3c9e953cf96a0ef84b970f7558c7c380.jpeg,,N/A,https://www.walmart.com/ip/3909612332,1.19,https://www.amazon.com/dp/B0DM71NPT4,https://www.amazon.com/s?k=Glico%20Pretz%20Sweet%20Corn%20(Japan),https://www.ebay.com/sch/i.html?_nkw=Glico%20Pretz%20Sweet%20Corn%20(Japan),https://www.google.com/search?q=Glico%20Pretz%20Sweet%20Corn%20(Japan),https://seller.walmart.com/catalog/add-items?search=3909612332,N/A,no,no,no,1,0,1,10,Snackathon Foods,mfn,$18.31,10,$18.31,$18.31,18.31,1.19,9.02,49.28 %,758.18 %,8.10,8.17,1,$12.99,N/A,$8.10,$4.95,0,$2.75,15.00%,$0.08,1,$0.32,$0.30 /lb,$0.32,$0.00,$0.00,$0.00,$0.00,0,$0.00,,0,"The listing has 4 variations,For better accuracy, we’ve used dimensions from B0C4CY8HMB to provide more precise estimates,3 or less sellers","6.38, 6.10, 4.92 in, 1.06 lbs",6.38,6.10,4.92,1.06,N/A,Computer
"04/30/2025, 06:17 AM PDT","04/30/2025, 09:17 AM EDT","04/30/2025, 08:17 AM CDT","04/30/2025, 06:17 AM PDT",Justin's Dark Chocolate Peanut Butter Pieces (6 Pack) 4.5 oz,14399162293,0,Dark Chocolate Peanut Butter,1,Justin's,Grocery,Chocolate Candy,N/A,N/A,N/A,https://i5.walmartimages.com/seo/Justin-s-Dark-Chocolate-Peanut-Butter-Pieces-6-Pack-4-5-oz_085fdd8c-6aa7-47bb-93bf-110a87f60483.8315f99fdf96c7b294b1d9570e250a48.jpeg,,N/A,https://www.walmart.com/ip/14399162293,31.98,https://www.amazon.com/dp/undefined,https://www.amazon.com/s?k=Justin's%20Dark%20Chocolate%20Peanut%20Butter%20Pieces%20(6%20Pack)%204.5%20oz,https://www.ebay.com/sch/i.html?_nkw=Justin's%20Dark%20Chocolate%20Peanut%20Butter%20Pieces%20(6%20Pack)%204.5%20oz,https://www.google.com/search?q=Justin's%20Dark%20Chocolate%20Peanut%20Butter%20Pieces%20(6%20Pack)%204.5%20oz,https://seller.walmart.com/catalog/add-items?search=14399162293,N/A,no,no,no,1,0,1,12,UniversoBrands,mfn,$54.99,12,$54.99,$54.99,54.99,31.98,8.55,15.56 %,26.75 %,44.85,32.43,1,,N/A,$14.46,$5.45,0,$8.25,15.00%,$0.13,1,$0.63,$0.30 /lb,$0.63,$0.00,$0.00,$0.00,$0.00,0,$0.00,,0,"For better accuracy, we’ve used dimensions from B00TS6W8MA to provide more precise estimates,3 or less sellers","8.35, 6.57, 5.47 in, 2.09 lbs",8.35,6.57,5.47,2.09,N/A,Computer
"05/07/2025, 01:08 AM PDT","05/07/2025, 04:08 AM EDT","05/07/2025, 03:08 AM CDT","05/07/2025, 01:08 AM PDT","AWAKE Milk Chocolate Caffeinated Candy Bar, 1.55 Oz, 12 Ct",138956725,891325001076,N/A,N/A,Awake Couture,Grocery,Candy Bars & Miniatures,N/A,N/A,00105U,https://i5.walmartimages.com/seo/AWAKE-Milk-Chocolate-Caffeinated-Candy-Bar-1-55-Oz-12-Ct_2a8bd64d-81d8-4f1d-8421-e63f0dbabfaa_1.529c05ba256f38b50dcc6ae2123a4743.jpeg,,N/A,https://www.walmart.com/ip/138956725,16.8,https://www.amazon.com/dp/B00EORDZ8E,https://www.amazon.com/s?k=AWAKE%20Milk%20Chocolate%20Caffeinated%20Candy%20Bar%2C%201.55%20Oz%2C%2012%20Ct,https://www.ebay.com/sch/i.html?_nkw=AWAKE%20Milk%20Chocolate%20Caffeinated%20Candy%20Bar%2C%201.55%20Oz%2C%2012%20Ct,https://www.google.com/search?q=AWAKE%20Milk%20Chocolate%20Caffeinated%20Candy%20Bar%2C%201.55%20Oz%2C%2012%20Ct,https://seller.walmart.com/catalog/add-items?search=138956725,N/A,no,no,no,1,0,1,6,Tribeca Curations,mfn,$33.95,6,$33.95,$33.95,33.95,16.8,8.55,25.20 %,50.92 %,23.80,20.28,1,$55.00,N/A,$8.60,$3.45,0,$5.09,15.00%,$0.02,1,$0.03,$0.30 /lb,$0.03,$0.00,$0.00,$0.00,$0.00,0,$0.00,,0,3 or less sellers,"5.80, 5.70, 1.60 in, 0.10 lbs",5.80,5.70,1.60,0.10,N/A,Computer
"04/30/2025, 04:01 AM PDT","04/30/2025, 07:01 AM EDT","04/30/2025, 06:01 AM CDT","04/30/2025, 04:01 AM PDT",Glee Gum Bubblegum Flavor Chewing Gum - 16 pieces per pack -- 12 packs per case.,5391442026,469354740831,N/A,N/A,Glee Gum,Grocery,Chewing Gum,N/A,N/A,N/A,https://i5.walmartimages.com/seo/Glee-Gum-Bubblegum-Flavor-Chewing-Gum-16-pieces-per-pack-12-packs-per-case_e7fe3852-c108-441f-bd6d-0918d6325608.59aab37037c44ebf849b1618805b52e2.jpeg,,N/A,https://www.walmart.com/ip/5391442026,19.04,N/A,https://www.amazon.com/s?k=Glee%20Gum%20Bubblegum%20Flavor%20Chewing%20Gum%20-%2016%20pieces%20per%20pack%20--%2012%20packs%20per%20case.,https://www.ebay.com/sch/i.html?_nkw=Glee%20Gum%20Bubblegum%20Flavor%20Chewing%20Gum%20-%2016%20pieces%20per%20pack%20--%2012%20packs%20per%20case.,https://www.google.com/search?q=Glee%20Gum%20Bubblegum%20Flavor%20Chewing%20Gum%20-%2016%20pieces%20per%20pack%20--%2012%20packs%20per%20case.,https://seller.walmart.com/catalog/add-items?search=5391442026,N/A,no,no,no,1,0,1,10,Food Service Direct,mfn,$38.51,10,$38.51,$38.51,38.51,19.04,8.46,21.97 %,44.44 %,28.45,22.00,1,NA,N/A,$11.01,$4.95,0,$5.78,15.00%,$0.05,1,$0.24,$0.30 /lb,$0.24,$0.00,$0.00,$0.00,$0.00,0,$0.00,,0,"For better accuracy, we’ve used dimensions from B004PEDM7K to provide more precise estimates,3 or less sellers","5.98, 5.28, 3.35 in, 0.79 lbs",5.98,5.28,3.35,0.79,N/A,Computer
"05/01/2025, 03:40 AM PDT","05/01/2025, 06:40 AM EDT","05/01/2025, 05:40 AM CDT","05/01/2025, 03:40 AM PDT",After Shocks Popping Candy Gummy Fries - 4PKs 1.48oz Pouch - FREE SHIPPING,13347560894,634707885815,N/A,N/A,Generic,Grocery,Gummy Candy,N/A,N/A,N/A,https://i5.walmartimages.com/seo/After-Shocks-Popping-Candy-Gummy-Fries-4PKs-1-48oz-Pouch-FREE-SHIPPING_229ec845-25a2-4be0-952c-ecc81ab54380.60be19a4eee92b5d33bd547b2482b401.webp,,N/A,https://www.walmart.com/ip/13347560894,10.32,N/A,https://www.amazon.com/s?k=After%20Shocks%20Popping%20Candy%20Gummy%20Fries%20-%204PKs%201.48oz%20Pouch%20-%20FREE%20SHIPPING,https://www.ebay.com/sch/i.html?_nkw=After%20Shocks%20Popping%20Candy%20Gummy%20Fries%20-%204PKs%201.48oz%20Pouch%20-%20FREE%20SHIPPING,https://www.google.com/search?q=After%20Shocks%20Popping%20Candy%20Gummy%20Fries%20-%204PKs%201.48oz%20Pouch%20-%20FREE%20SHIPPING,https://seller.walmart.com/catalog/add-items?search=13347560894,N/A,no,no,no,1,0,1,3,Prox Mart,mfn,$31.88,3,$31.88,$31.88,31.88,10.32,8.36,26.23 %,81.01 %,21.95,14.94,1,NA,N/A,$13.20,$7.35,0,$4.78,15.00%,$0.42,1,$0.65,$0.30 /lb,$0.65,$0.00,$0.00,$0.00,$0.00,0,$0.00,,0,"For better accuracy, we’ve used dimensions from B0851PRJVZ to provide more precise estimates,3 or less sellers","12.44, 10.67, 7.28 in, 2.16 lbs",12.44,10.67,7.28,2.16,N/A,Computer
"05/06/2025, 01:02 AM PDT","05/06/2025, 04:02 AM EDT","05/06/2025, 03:02 AM CDT","05/06/2025, 01:02 AM PDT","Pez Animal Crossing, 0.58-Ounce Assorted Candy Dispensers (Pack Of 12)",5459504643,100147682678,N/A,N/A,PEZ,Grocery,Fruit Flavored Candy,N/A,N/A,N/A,https://i5.walmartimages.com/seo/Pez-Animal-Crossing-0-58-Ounce-Assorted-Candy-Dispensers-Pack-Of-12_a1b158cd-08f2-44e1-931b-0c4bdd4af5a9.2f6d940ec8b64957b19724efd351065a.jpeg,,N/A,https://www.walmart.com/ip/5459504643,19.32,N/A,https://www.amazon.com/s?k=Pez%20Animal%20Crossing%2C%200.58-Ounce%20Assorted%20Candy%20Dispensers%20(Pack%20Of%2012),https://www.ebay.com/sch/i.html?_nkw=Pez%20Animal%20Crossing%2C%200.58-Ounce%20Assorted%20Candy%20Dispensers%20(Pack%20Of%2012),https://www.google.com/search?q=Pez%20Animal%20Crossing%2C%200.58-Ounce%20Assorted%20Candy%20Dispensers%20(Pack%20Of%2012),https://seller.walmart.com/catalog/add-items?search=5459504643,N/A,yes,no,no,2,0,2,12,Rasinn Supply LLC,mfn,$39.90,6,$39.90,$39.97,39.9,19.32,8.34,20.91 %,43.19 %,30.00,22.13,1,NA,N/A,$12.24,$5.75,0,$5.99,15.00%,$0.17,1,$0.33,$0.30 /lb,$0.33,$0.00,$0.00,$0.00,$0.00,0,$0.00,,0,"For better accuracy, we’ve used dimensions from B09V1VSC5L to provide more precise estimates,3 or less sellers","14.76, 7.99, 3.35 in, 1.10 lbs",14.76,7.99,3.35,1.10,N/A,Computer
"05/06/2025, 12:42 AM PDT","05/06/2025, 03:42 AM EDT","05/06/2025, 02:42 AM CDT","05/06/2025, 12:42 AM PDT",Pac-Man Ghost Sours Candy - 1.2-oz. Tin,48229674,611508172498,N/A,N/A,Boston America,Grocery,Sour Candy,N/A,N/A,17249,https://i5.walmartimages.com/seo/Pac-Man-Ghost-Sours-Candy-1-2-oz-Tin_2369a364-0422-4b1b-9e6f-383453889983.00ac55edc6548627f7d025a6abff5f27.jpeg,,N/A,https://www.walmart.com/ip/48229674,2.05,https://www.amazon.com/dp/B001W27C24,https://www.amazon.com/s?k=Pac-Man%20Ghost%20Sours%20Candy%20-%201.2-oz.%20Tin,https://www.ebay.com/sch/i.html?_nkw=Pac-Man%20Ghost%20Sours%20Candy%20-%201.2-oz.%20Tin,https://www.google.com/search?q=Pac-Man%20Ghost%20Sours%20Candy%20-%201.2-oz.%20Tin,https://seller.walmart.com/catalog/add-items?search=48229674,N/A,yes,no,no,1,0,1,3,All City Candy,mfn,$16.25,3,$16.25,$16.25,16.25,2.05,8.27,50.86 %,403.17 %,7.05,8.25,1,OOS,N/A,$5.93,$3.45,0,$2.44,15.00%,$0.00,1,$0.04,$0.30 /lb,$0.04,$0.00,$0.00,$0.00,$0.00,0,$0.00,,0,"Pulling package information from B001W27C24 via amazon.com,3 or less sellers","2.91, 2.72, 0.71 in, 0.15 lbs",2.91,2.72,0.71,0.15,N/A,Computer
"05/06/2025, 12:03 AM PDT","05/06/2025, 03:03 AM EDT","05/06/2025, 02:03 AM CDT","05/06/2025, 12:03 AM PDT",Chocolate Band-Aids. Chocolate Band-Aids,15146758487,0,N/A,N/A,Generic,Grocery,Chocolate Candy,N/A,N/A,N/A,https://i5.walmartimages.com/seo/Chocolate-Band-Aids-Chocolate-Band-Aids_10436481-b4af-4069-83c5-2d4803b87af9.d9236b1c15cb8b2516877e631b4a7317.jpeg,,N/A,https://www.walmart.com/ip/15146758487,3.91,https://www.amazon.com/dp/undefined,https://www.amazon.com/s?k=Chocolate%20Band-Aids.%20Chocolate%20Band-Aids,https://www.ebay.com/sch/i.html?_nkw=Chocolate%20Band-Aids.%20Chocolate%20Band-Aids,https://www.google.com/search?q=Chocolate%20Band-Aids.%20Chocolate%20Band-Aids,https://seller.walmart.com/catalog/add-items?search=15146758487,N/A,no,no,no,1,0,1,10,GreensProfessionalServices LLC,mfn,$18.45,10,$18.45,$18.45,18.45,3.91,8.25,44.74 %,211.10 %,9.10,9.73,1,,N/A,$6.29,$3.45,0,$2.77,15.00%,$0.01,1,$0.06,$0.30 /lb,$0.06,$0.00,$0.00,$0.00,$0.00,0,$0.00,,0,"For better accuracy, we’ve used dimensions from B074BJ3CV2 to provide more precise estimates,3 or less sellers","4.21, 3.23, 1.46 in, 0.20 lbs",4.21,3.23,1.46,0.20,N/A,Computer
"05/07/2025, 01:01 AM PDT","05/07/2025, 04:01 AM EDT","05/07/2025, 03:01 AM CDT","05/07/2025, 01:01 AM PDT","Awake Caffeinated Chocolate Energy Bites, Milk Chocolate",139278677,891325004008,Single,3,Awake Couture,Grocery,Chocolate Candy,N/A,N/A,Awake Couture,https://i5.walmartimages.com/seo/Awake-Caffeinated-Chocolate-Energy-Bites-Milk-Chocolate_705eabbd-e35e-44f0-b965-a9a604ab39e2.68e402fdbe2656975b3d5d603e7a63d2.jpeg,,N/A,https://www.walmart.com/ip/139278677,32.5,N/A,https://www.amazon.com/s?k=Awake%20Caffeinated%20Chocolate%20Energy%20Bites%2C%20Milk%20Chocolate,https://www.ebay.com/sch/i.html?_nkw=Awake%20Caffeinated%20Chocolate%20Energy%20Bites%2C%20Milk%20Chocolate,https://www.google.com/search?q=Awake%20Caffeinated%20Chocolate%20Energy%20Bites%2C%20Milk%20Chocolate,https://seller.walmart.com/catalog/add-items?search=139278677,N/A,no,no,no,1,0,1,9,Tribeca Curations,mfn,$54.01,9,$54.01,$54.01,54.01,32.5,8.08,14.95 %,24.85 %,44.40,32.46,1,NA,N/A,$13.43,$4.95,0,$8.10,15.00%,$0.08,1,$0.30,$0.30 /lb,$0.30,$0.00,$0.00,$0.00,$0.00,0,$0.00,5,1,"The listing has 3 variations,For better accuracy, we’ve used dimensions from B0BGQLCVBS to provide more precise estimates,3 or less sellers","11.81, 9.69, 1.61 in, 1.01 lbs",11.81,9.69,1.61,1.01,N/A,Computer
"05/01/2025, 11:23 PM PDT","05/02/2025, 02:23 AM EDT","05/02/2025, 01:23 AM CDT","05/01/2025, 11:23 PM PDT","Frankford Bagel Bites Mini Pizza Gummy Candy, 4.23 Ounces",5002445249,41376113543,Single,1,Frankford,Grocery,Gummy Candy,N/A,N/A,N/A,https://i5.walmartimages.com/seo/Frankford-Bagel-Bites-Mini-Pizza-Gummy-Candy-4-23-Ounces_33818bcb-e23d-46af-a725-9908adc3d898.4253bfcf6bdc06706d1542de28e45cae.jpeg,,N/A,https://www.walmart.com/ip/5002445249,3.07,N/A,https://www.amazon.com/s?k=Frankford%20Bagel%20Bites%20Mini%20Pizza%20Gummy%20Candy%2C%204.23%20Ounces,https://www.ebay.com/sch/i.html?_nkw=Frankford%20Bagel%20Bites%20Mini%20Pizza%20Gummy%20Candy%2C%204.23%20Ounces,https://www.google.com/search?q=Frankford%20Bagel%20Bites%20Mini%20Pizza%20Gummy%20Candy%2C%204.23%20Ounces,https://seller.walmart.com/catalog/add-items?search=5002445249,N/A,no,no,no,3,0,3,47,BUY IT NOW WE SHIP FAST,mfn,$17.39,20,$17.39,$17.43,17.39,3.07,8.04,46.26 %,262.04 %,8.35,8.89,1,NA,N/A,$6.28,$3.45,0,$2.61,15.00%,$0.07,1,$0.15,$0.30 /lb,$0.15,$0.00,$0.00,$0.00,$0.00,0,$0.00,,0,"For better accuracy, we’ve used dimensions from B0DT7NHT31 to provide more precise estimates,3 or less sellers","9.02, 8.50, 2.01 in, 0.50 lbs",9.02,8.50,2.01,0.50,N/A,Computer
"05/06/2025, 04:21 AM PDT","05/06/2025, 07:21 AM EDT","05/06/2025, 06:21 AM CDT","05/06/2025, 04:21 AM PDT","88 ACRES Warm 'N Chewy Gluten-Free Oatmeal/Chocolate Chip Seed and Oat Bar, 1.6 oz Bar, 9/Box",3741239216,810035110496,N/A,N/A,88 Acres,Grocery,Snack Bars,N/A,N/A,N/A,https://i5.walmartimages.com/seo/88-ACRES-Warm-N-Chewy-Gluten-Free-Oatmeal-Chocolate-Chip-Seed-and-Oat-Bar-1-6-oz-Bar-9-Box_ced2b246-5122-42a8-ad2a-fd5c6a1ae7cc.277a0b0f88462e70144ea413705b6ce4.jpeg,,N/A,https://www.walmart.com/ip/3741239216,12.15,https://www.amazon.com/dp/B09RV1171G,https://www.amazon.com/s?k=88%20ACRES%20Warm%20'N%20Chewy%20Gluten-Free%20Oatmeal%2FChocolate%20Chip%20Seed%20and%20Oat%20Bar%2C%201.6%20oz%20Bar%2C%209%2FBox,https://www.ebay.com/sch/i.html?_nkw=88%20ACRES%20Warm%20'N%20Chewy%20Gluten-Free%20Oatmeal%2FChocolate%20Chip%20Seed%20and%20Oat%20Bar%2C%201.6%20oz%20Bar%2C%209%2FBox,https://www.google.com/search?q=88%20ACRES%20Warm%20'N%20Chewy%20Gluten-Free%20Oatmeal%2FChocolate%20Chip%20Seed%20and%20Oat%20Bar%2C%201.6%20oz%20Bar%2C%209%2FBox,https://seller.walmart.com/catalog/add-items?search=3741239216,N/A,no,no,no,10,1,9,131,DevilsEye,wfs,$29.99,5,$29.99,$42.41,29.99,12.15,8.03,26.76 %,66.06 %,20.45,16.14,1,$26.90,N/A,$9.81,$4.95,0,$4.50,15.00%,$0.04,1,$0.33,$0.30 /lb,$0.33,$0.00,$0.00,$0.00,$0.00,0,$0.00,,0,Pulling package information from B09RV1171G via amazon.com,"6.10, 5.51, 2.40 in, 1.10 lbs",6.10,5.51,2.40,1.10,N/A,Computer
"04/29/2025, 12:28 AM PDT","04/29/2025, 03:28 AM EDT","04/29/2025, 02:28 AM CDT","04/29/2025, 12:28 AM PDT",Chimes Ginger Chews Mango - 3.5 oz,1326092813,968862344819,N/A,N/A,Chimes,Grocery,Chewy Candy,N/A,N/A,N/A,https://i5.walmartimages.com/seo/Chimes-Ginger-Chews-Mango-3-5-oz_8998f461-487a-43c0-9a08-6e162ba9a9ef.b5bce921d8644d70d30e61740bb25fb8.jpeg,,N/A,https://www.walmart.com/ip/1326092813,3.48,N/A,https://www.amazon.com/s?k=Chimes%20Ginger%20Chews%20Mango%20-%203.5%20oz,https://www.ebay.com/sch/i.html?_nkw=Chimes%20Ginger%20Chews%20Mango%20-%203.5%20oz,https://www.google.com/search?q=Chimes%20Ginger%20Chews%20Mango%20-%203.5%20oz,https://seller.walmart.com/catalog/add-items?search=1326092813,N/A,yes,no,no,1,0,1,4,SunDay Trading,mfn,$17.71,4,$17.71,$17.71,17.71,3.48,8.01,45.22 %,230.12 %,8.65,9.19,1,NA,N/A,$6.22,$3.45,0,$2.66,15.00%,$0.02,1,$0.10,$0.30 /lb,$0.10,$0.00,$0.00,$0.00,$0.00,0,$0.00,,0,"For better accuracy, we’ve used dimensions from B07DLCCV3M to provide more precise estimates,3 or less sellers","7.32, 5.67, 0.91 in, 0.33 lbs",7.32,5.67,0.91,0.33,N/A,Computer
"04/30/2025, 12:53 AM PDT","04/30/2025, 03:53 AM EDT","04/30/2025, 02:53 AM CDT","04/30/2025, 12:53 AM PDT","Pack of 2 S&B Wasabi Paste, 1.52 oz (Package May Vary)",16236506552,915953597661,N/A,N/A,SB,Grocery,Wasabi,N/A,N/A,N/A,https://i5.walmartimages.com/seo/Pack-of-2-S-B-Wasabi-Paste-1-52-oz-Package-May-Vary_1d94975d-1d56-4a0f-87b8-00ccdc63c114.52b1a784f390825e2418d2b510b52680.jpeg,,N/A,https://www.walmart.com/ip/16236506552,4.02,N/A,https://www.amazon.com/s?k=Pack%20of%202%20S%26B%20Wasabi%20Paste%2C%201.52%20oz%20(Package%20May%20Vary),https://www.ebay.com/sch/i.html?_nkw=Pack%20of%202%20S%26B%20Wasabi%20Paste%2C%201.52%20oz%20(Package%20May%20Vary),https://www.google.com/search?q=Pack%20of%202%20S%26B%20Wasabi%20Paste%2C%201.52%20oz%20(Package%20May%20Vary),https://seller.walmart.com/catalog/add-items?search=16236506552,N/A,no,no,no,2,0,2,10,Z&M Store LLC,mfn,$18.25,7,$18.25,$26.53,18.25,4.02,8,43.83 %,198.98 %,9.15,9.62,1,NA,N/A,$6.23,$3.45,0,$2.74,15.00%,$0.00,1,$0.04,$0.30 /lb,$0.04,$0.00,$0.00,$0.00,$0.00,0,$0.00,,0,"For better accuracy, we’ve used dimensions from B000SRM9ZY to provide more precise estimates,3 or less sellers","5.94, 1.57, 1.14 in, 0.13 lbs",5.94,1.57,1.14,0.13,N/A,Computer
"05/06/2025, 12:37 AM PDT","05/06/2025, 03:37 AM EDT","05/06/2025, 02:37 AM CDT","05/06/2025, 12:37 AM PDT",Ouch! Bubble Gum 21 Stick 2 oz. Tin - Case of 12 tins,15684163460,859917004690,Case of 12,1,Ouch,Grocery,Chewing Gum,N/A,N/A,N/A,https://i5.walmartimages.com/seo/Ouch-Bubble-Gum-21-Stick-2-oz-Tin-Case-of-12-tins_8e408b2e-5442-4fd4-ac51-7464eab88d01.e3b290339601f72f44ccee3c40521e45.png,,N/A,https://www.walmart.com/ip/15684163460,30,https://www.amazon.com/dp/B0F68KLDQY,https://www.amazon.com/s?k=Ouch!%20Bubble%20Gum%2021%20Stick%202%20oz.%20Tin%20-%20Case%20of%2012%20tins,https://www.ebay.com/sch/i.html?_nkw=Ouch!%20Bubble%20Gum%2021%20Stick%202%20oz.%20Tin%20-%20Case%20of%2012%20tins,https://www.google.com/search?q=Ouch!%20Bubble%20Gum%2021%20Stick%202%20oz.%20Tin%20-%20Case%20of%2012%20tins,https://seller.walmart.com/catalog/add-items?search=15684163460,N/A,no,no,no,1,0,1,3,All City Candy,mfn,$54.89,3,$54.89,$54.89,54.89,30,7.99,14.55 %,26.62 %,45.40,30.39,1,OOS,N/A,$16.90,$7.75,0,$8.23,15.00%,$0.47,1,$0.45,$0.30 /lb,$0.45,$0.00,$0.00,$0.00,$0.00,0,$0.00,,0,"Pulling package information from B0F68KLDQY via amazon.com,3 or less sellers","15.75, 8.50, 8.11 in, 1.50 lbs",15.75,8.50,8.11,1.50,N/A,Computer
"05/02/2025, 05:35 AM PDT","05/02/2025, 08:35 AM EDT","05/02/2025, 07:35 AM CDT","05/02/2025, 05:35 AM PDT","The Golden Girls, Everything's Better with Friends and Cheesecake, 1.2 Ounce Candy Tin - 18 Count Display Box",1779957942,611508597109,18,2,Boston America,Home & Garden,Cake Boxes,Boston America,N/A,N/A,https://i5.walmartimages.com/seo/The-Golden-Girls-Everything-s-Better-with-Friends-and-Cheesecake-1-2-Ounce-Candy-Tin-18-Count-Display-Box_3c62aa47-f3f8-4150-93a8-237957446a3b.506d36cf04fa54d137e5cc730bd7af1e.jpeg,,N/A,https://www.walmart.com/ip/1779957942,35.82,https://www.amazon.com/dp/B0B91FSVLB,https://www.amazon.com/s?k=The%20Golden%20Girls%2C%20Everything's%20Better%20with%20Friends%20and%20Cheesecake%2C%201.2%20Ounce%20Candy%20Tin%20-%2018%20Count%20Display%20Box,https://www.ebay.com/sch/i.html?_nkw=The%20Golden%20Girls%2C%20Everything's%20Better%20with%20Friends%20and%20Cheesecake%2C%201.2%20Ounce%20Candy%20Tin%20-%2018%20Count%20Display%20Box,https://www.google.com/search?q=The%20Golden%20Girls%2C%20Everything's%20Better%20with%20Friends%20and%20Cheesecake%2C%201.2%20Ounce%20Candy%20Tin%20-%2018%20Count%20Display%20Box,https://seller.walmart.com/catalog/add-items?search=1779957942,N/A,no,no,no,1,0,1,3,BiG Confections,mfn,$58.99,3,$58.99,$58.99,58.99,35.82,7.64,12.95 %,21.33 %,49.90,34.77,1,$58.99,N/A,$15.53,$5.75,0,$8.85,15.00%,$0.08,1,$0.85,$0.30 /lb,$0.85,$0.00,$0.00,$0.00,$0.00,0,$0.00,1,2,"The listing has 2 variations,Pulling package information from B0B91FSVLB via amazon.com,3 or less sellers","8.78, 6.50, 3.31 in, 2.83 lbs",8.78,6.50,3.31,2.83,N/A,Computer
"04/29/2025, 03:19 AM PDT","04/29/2025, 06:19 AM EDT","04/29/2025, 05:19 AM CDT","04/29/2025, 03:19 AM PDT",DBZ Dragon Balls Star Candy Tin of 12,431923550,611508566204,Case of 12,1,Boston America,Grocery,Hard Candy,N/A,N/A,17453,https://i5.walmartimages.com/seo/DBZ-Dragon-Balls-Star-Candy-Tin-of-12_92f96294-1cee-4b0c-ac9d-747bae54cae5_1.08a9dbd73f5b046d32aa97e26db86ecf.jpeg,,N/A,https://www.walmart.com/ip/431923550,24.6,N/A,https://www.amazon.com/s?k=DBZ%20Dragon%20Balls%20Star%20Candy%20Tin%20of%2012,https://www.ebay.com/sch/i.html?_nkw=DBZ%20Dragon%20Balls%20Star%20Candy%20Tin%20of%2012,https://www.google.com/search?q=DBZ%20Dragon%20Balls%20Star%20Candy%20Tin%20of%2012,https://seller.walmart.com/catalog/add-items?search=431923550,N/A,no,no,no,3,0,3,7,LN Store (S/N Recorded),mfn,$41.91,1,$41.91,$60.50,41.91,24.6,7.55,18.02 %,30.70 %,32.95,25.72,1,NA,N/A,$9.76,$3.45,0,$6.29,15.00%,$0.00,1,$0.02,$0.30 /lb,$0.02,$0.00,$0.00,$0.00,$0.00,0,$0.00,,0,3 or less sellers,"1.00, 1.00, 2.50 in, 0.07 lbs",1.00,1.00,2.50,0.07,N/A,Computer
"04/30/2025, 12:08 AM PDT","04/30/2025, 03:08 AM EDT","04/30/2025, 02:08 AM CDT","04/30/2025, 12:08 AM PDT","Kracie Popin' Cookin' DIY Candy HYZ01 Sushi Kit, No Bake, 1 Ounces (Pack Of 1)",16261123346,0,N/A,N/A,Kracie,Everything Else,default,N/A,N/A,N/A,https://i5.walmartimages.com/seo/Kracie-Popin-Cookin-DIY-Candy-HYZ01-Sushi-Kit-No-Bake-1-Ounces-Pack-Of-1_1ac58b62-86b6-43d4-8528-092a9e4e5b12.2bdeeeb3af798f9c8e1e693864c28641.jpeg,,N/A,https://www.walmart.com/ip/16261123346,3.59,https://www.amazon.com/dp/undefined,https://www.amazon.com/s?k=Kracie%20Popin'%20Cookin'%20DIY%20Candy%20HYZ01%20Sushi%20Kit%2C%20No%20Bake%2C%201%20Ounces%20(Pack%20Of%201),https://www.ebay.com/sch/i.html?_nkw=Kracie%20Popin'%20Cookin'%20DIY%20Candy%20HYZ01%20Sushi%20Kit%2C%20No%20Bake%2C%201%20Ounces%20(Pack%20Of%201),https://www.google.com/search?q=Kracie%20Popin'%20Cookin'%20DIY%20Candy%20HYZ01%20Sushi%20Kit%2C%20No%20Bake%2C%201%20Ounces%20(Pack%20Of%201),https://seller.walmart.com/catalog/add-items?search=16261123346,N/A,no,no,no,1,0,1,15,Hometrixy,mfn,$17.23,15,$17.23,$17.23,17.23,3.59,7.5,43.55 %,209.02 %,9.50,8.87,1,,N/A,$6.14,$3.45,0,$2.58,15.00%,$0.02,1,$0.08,$0.30 /lb,$0.08,$0.00,$0.00,$0.00,$0.00,0,$0.00,,0,"For better accuracy, we’ve used dimensions from B01MT4BETI to provide more precise estimates,3 or less sellers","5.91, 5.12, 1.81 in, 0.26 lbs",5.91,5.12,1.81,0.26,N/A,Computer
"05/06/2025, 01:08 AM PDT","05/06/2025, 04:08 AM EDT","05/06/2025, 03:08 AM CDT","05/06/2025, 01:08 AM PDT","Pez Blister Card, Christmas Assortment, 0.87 Ounce (Pack Of 12)",5459504584,100147686928,N/A,N/A,PEZ,Home & Garden,Dried Food Dispensers,N/A,N/A,N/A,https://i5.walmartimages.com/seo/Pez-Blister-Card-Christmas-Assortment-0-87-Ounce-Pack-Of-12_c865b546-6d5c-4e5a-a631-cbe5224c67c0.ebb4f9159fe592219d64a7ccbe350672.jpeg,,N/A,https://www.walmart.com/ip/5459504584,18.96,N/A,https://www.amazon.com/s?k=Pez%20Blister%20Card%2C%20Christmas%20Assortment%2C%200.87%20Ounce%20(Pack%20Of%2012),https://www.ebay.com/sch/i.html?_nkw=Pez%20Blister%20Card%2C%20Christmas%20Assortment%2C%200.87%20Ounce%20(Pack%20Of%2012),https://www.google.com/search?q=Pez%20Blister%20Card%2C%20Christmas%20Assortment%2C%200.87%20Ounce%20(Pack%20Of%2012),https://seller.walmart.com/catalog/add-items?search=5459504584,N/A,yes,no,no,2,0,2,12,Rasinn Supply LLC,mfn,$39.90,6,$39.90,$39.98,39.9,18.96,7.47,18.72 %,39.40 %,31.00,21.14,1,NA,N/A,$13.47,$6.55,0,$5.99,15.00%,$0.33,1,$0.60,$0.30 /lb,$0.60,$0.00,$0.00,$0.00,$0.00,0,$0.00,,0,"For better accuracy, we’ve used dimensions from B00CGVJFSY to provide more precise estimates,3 or less sellers","10.83, 10.35, 6.81 in, 2.01 lbs",10.83,10.35,6.81,2.01,N/A,Computer
"04/29/2025, 04:50 AM PDT","04/29/2025, 07:50 AM EDT","04/29/2025, 06:50 AM CDT","04/29/2025, 04:50 AM PDT",Jujutsu Kaisen Cursed Finger Gummy,3148590862,611508176434,N/A,N/A,Boston America,Grocery,Gummy Candy,N/A,N/A,N/A,https://i5.walmartimages.com/seo/Jujutsu-Kaisen-Cursed-Finger-Gummy_d660ccb8-a07f-40fe-afab-9324dbfb4c26.30b56dc9027b5c42d1f4ad5f381f6137.jpeg,,N/A,https://www.walmart.com/ip/3148590862,2.07,https://www.amazon.com/dp/B0BZ1Z9S5K,https://www.amazon.com/s?k=Jujutsu%20Kaisen%20Cursed%20Finger%20Gummy,https://www.ebay.com/sch/i.html?_nkw=Jujutsu%20Kaisen%20Cursed%20Finger%20Gummy,https://www.google.com/search?q=Jujutsu%20Kaisen%20Cursed%20Finger%20Gummy,https://seller.walmart.com/catalog/add-items?search=3148590862,N/A,no,no,no,3,1,2,34,SARONITE,wfs,$13.99,9,$13.99,$14.94,13.99,2.07,7.28,52.06 %,351.83 %,7.10,7.48,1,$5.91,400+ units sold this month on Amazon,$4.64,$3.45,0,$1.12,8.00%,$0.01,1,$0.05,$0.30 /lb,$0.05,$0.00,$0.00,$0.00,$0.00,0,$0.00,5,1,"Pulling package information from B0BZ1Z9S5K via amazon.com,3 or less sellers","6.89, 4.92, 0.94 in, 0.18 lbs",6.89,4.92,0.94,0.18,N/A,Computer
"05/03/2025, 03:23 AM PDT","05/03/2025, 06:23 AM EDT","05/03/2025, 05:23 AM CDT","05/03/2025, 03:23 AM PDT",IT Chapter Two - Pennywise Cherry Red Balloons Candy 1.5 oz. Tin,861250044,611508594405,12,2,All City Candy,Grocery,Sour Candy,N/A,N/A,N/A,https://i5.walmartimages.com/seo/IT-Chapter-Two-Pennywise-Cherry-Red-Balloons-Candy-1-5-oz-Tin_5615ffd9-6476-43ca-8c20-a19a72dc06f7.8e2ee18962eb11cee39bcc1db61c5b79.jpeg,,N/A,https://www.walmart.com/ip/861250044,25.79,N/A,https://www.amazon.com/s?k=IT%20Chapter%20Two%20-%20Pennywise%20Cherry%20Red%20Balloons%20Candy%201.5%20oz.%20Tin,https://www.ebay.com/sch/i.html?_nkw=IT%20Chapter%20Two%20-%20Pennywise%20Cherry%20Red%20Balloons%20Candy%201.5%20oz.%20Tin,https://www.google.com/search?q=IT%20Chapter%20Two%20-%20Pennywise%20Cherry%20Red%20Balloons%20Candy%201.5%20oz.%20Tin,https://seller.walmart.com/catalog/add-items?search=861250044,N/A,no,no,no,2,0,2,6,BiG Confections,mfn,$42.99,5,$42.99,$60.50,42.99,25.79,7.25,16.85 %,28.09 %,34.35,26.43,1,NA,N/A,$9.95,$3.45,0,$6.45,15.00%,$0.00,1,$0.05,$0.30 /lb,$0.05,$0.00,$0.00,$0.00,$0.00,0,$0.00,,0,"The listing has 2 variations,For better accuracy, we’ve used dimensions from B098GPYVJW to provide more precise estimates,3 or less sellers","3.35, 2.60, 0.63 in, 0.18 lbs",3.35,2.60,0.63,0.18,N/A,Computer
"05/01/2025, 11:12 PM PDT","05/02/2025, 02:12 AM EDT","05/02/2025, 01:12 AM CDT","05/01/2025, 11:12 PM PDT",Astronaut Ice Cream- Freeze-dried ready-to-eat space desserts! {Neapolitan},5573425691,746264021466,N/A,N/A,Generic,Grocery,"Ice Cream, Sorbet & Frozen Yogurt",N/A,N/A,N/A,https://i5.walmartimages.com/seo/Astronaut-Ice-Cream-Freeze-dried-ready-to-eat-space-desserts-Neapolitan_9f6f73f4-6766-445d-aa4b-368916d883b4.e5d15f591325bac45ff0f726fffd97df.png,,N/A,https://www.walmart.com/ip/5573425691,3.81,N/A,https://www.amazon.com/s?k=Astronaut%20Ice%20Cream-%20Freeze-dried%20ready-to-eat%20space%20desserts!%20%7BNeapolitan%7D,https://www.ebay.com/sch/i.html?_nkw=Astronaut%20Ice%20Cream-%20Freeze-dried%20ready-to-eat%20space%20desserts!%20%7BNeapolitan%7D,https://www.google.com/search?q=Astronaut%20Ice%20Cream-%20Freeze-dried%20ready-to-eat%20space%20desserts!%20%7BNeapolitan%7D,https://seller.walmart.com/catalog/add-items?search=5573425691,N/A,no,no,no,1,0,1,9,GreensProfessionalServices LLC,mfn,$16.77,9,$16.77,$16.77,16.77,3.81,6.95,41.44 %,182.42 %,8.95,8.61,1,NA,N/A,$6.01,$3.45,0,$2.52,15.00%,$0.02,1,$0.03,$0.30 /lb,$0.03,$0.00,$0.00,$0.00,$0.00,0,$0.00,,0,"For better accuracy, we’ve used dimensions from B001JK6234 to provide more precise estimates,3 or less sellers","8.43, 5.04, 0.94 in, 0.09 lbs",8.43,5.04,0.94,0.09,N/A,Computer
"04/30/2025, 12:57 AM PDT","04/30/2025, 03:57 AM EDT","04/30/2025, 02:57 AM CDT","04/30/2025, 12:57 AM PDT",Ocean Bomb Sailor Moon Sparkling Water Pomelo Flavor (Carbonated) 330ml,1805636068,0,N/A,N/A,Ocean Bomb,Grocery,Sparkling Water,N/A,N/A,N/A,https://i5.walmartimages.com/seo/Ocean-Bomb-Sailor-Moon-Sparkling-Water-Pomelo-Flavor-Carbonated-330ml_636d2fc0-e7b1-41cf-9013-e8f10eeb8de8.c238e6e9185a7545a08adbb79ebf21a9.png,,N/A,https://www.walmart.com/ip/1805636068,2.25,https://www.amazon.com/dp/undefined,https://www.amazon.com/s?k=Ocean%20Bomb%20Sailor%20Moon%20Sparkling%20Water%20Pomelo%20Flavor%20(Carbonated)%20330ml,https://www.ebay.com/sch/i.html?_nkw=Ocean%20Bomb%20Sailor%20Moon%20Sparkling%20Water%20Pomelo%20Flavor%20(Carbonated)%20330ml,https://www.google.com/search?q=Ocean%20Bomb%20Sailor%20Moon%20Sparkling%20Water%20Pomelo%20Flavor%20(Carbonated)%20330ml,https://seller.walmart.com/catalog/add-items?search=1805636068,N/A,yes,no,no,1,0,1,41,Kryptonite Character Store,mfn,$21.38,41,$21.38,$21.38,21.38,2.25,6.91,32.33 %,307.21 %,12.15,7.33,1,,N/A,$12.22,$8.15,0,$3.21,15.00%,$0.56,1,$0.30,$0.30 /lb,$0.30,$0.00,$0.00,$0.00,$0.00,0,$0.00,,0,"For better accuracy, we’ve used dimensions from B0CG37QLWG to provide more precise estimates,3 or less sellers","17.99, 12.01, 5.98 in, 1.00 lbs",17.99,12.01,5.98,1.00,N/A,Computer
"04/30/2025, 01:05 AM PDT","04/30/2025, 04:05 AM EDT","04/30/2025, 03:05 AM CDT","04/30/2025, 01:05 AM PDT",Ocean Bomb One Piece Sparkling Water Tropical Fruit Flavor 330ml,3101641524,0,N/A,N/A,Ocean Bomb,Grocery,Sparkling Water,N/A,N/A,N/A,https://i5.walmartimages.com/seo/Ocean-Bomb-One-Piece-Sparkling-Water-Tropical-Fruit-Flavor-330ml_f3799874-f1e5-4c09-9ea1-bd232d389d97.caa723d51c9b90e163b886f3e719e1ca.png,,N/A,https://www.walmart.com/ip/3101641524,2.25,https://www.amazon.com/dp/undefined,https://www.amazon.com/s?k=Ocean%20Bomb%20One%20Piece%20Sparkling%20Water%20Tropical%20Fruit%20Flavor%20330ml,https://www.ebay.com/sch/i.html?_nkw=Ocean%20Bomb%20One%20Piece%20Sparkling%20Water%20Tropical%20Fruit%20Flavor%20330ml,https://www.google.com/search?q=Ocean%20Bomb%20One%20Piece%20Sparkling%20Water%20Tropical%20Fruit%20Flavor%20330ml,https://seller.walmart.com/catalog/add-items?search=3101641524,N/A,no,no,no,1,0,1,34,Kryptonite Character Store,mfn,$21.38,34,$21.38,$21.38,21.38,2.25,6.91,32.33 %,307.21 %,12.15,7.33,1,,N/A,$12.22,$8.15,0,$3.21,15.00%,$0.56,1,$0.30,$0.30 /lb,$0.30,$0.00,$0.00,$0.00,$0.00,0,$0.00,,0,"For better accuracy, we’ve used dimensions from B0CG37QLWG to provide more precise estimates,3 or less sellers","17.99, 12.01, 5.98 in, 1.00 lbs",17.99,12.01,5.98,1.00,N/A,Computer
"05/01/2025, 11:26 PM PDT","05/02/2025, 02:26 AM EDT","05/02/2025, 01:26 AM CDT","05/01/2025, 11:26 PM PDT","Barbie Novelty Candy Jewelry Making Kit, 28g/1 oz.",858443507,60631917269,N/A,N/A,Exclusive Brands,Grocery,Hard Candy,N/A,N/A,N/A,https://i5.walmartimages.com/seo/Barbie-Sweet-Beads-Candy-Bracelet-Kit-0-99-Ounce_b729df06-5fad-45ef-9c0e-90e697158ac6.123f23e652942648d9cf6c69afeae7fd.jpeg,,N/A,https://www.walmart.com/ip/858443507,1.66,N/A,https://www.amazon.com/s?k=Barbie%20Novelty%20Candy%20Jewelry%20Making%20Kit%2C%2028g%2F1%20oz.,https://www.ebay.com/sch/i.html?_nkw=Barbie%20Novelty%20Candy%20Jewelry%20Making%20Kit%2C%2028g%2F1%20oz.,https://www.google.com/search?q=Barbie%20Novelty%20Candy%20Jewelry%20Making%20Kit%2C%2028g%2F1%20oz.,https://seller.walmart.com/catalog/add-items?search=858443507,N/A,no,no,no,1,0,1,1,Caffeine Cams Coffee & Candy Company Inc.,mfn,$12.99,1,$12.99,$12.99,12.99,1.66,6.8,52.32 %,409.43 %,6.60,6.77,1,NA,N/A,$4.53,$3.45,0,$1.04,8.00%,$0.01,1,$0.04,$0.30 /lb,$0.04,$0.00,$0.00,$0.00,$0.00,0,$0.00,,0,3 or less sellers,"1.00, 3.50, 3.50 in, 0.13 lbs",1.00,3.50,3.50,0.13,N/A,Computer
"05/06/2025, 12:41 AM PDT","05/06/2025, 03:41 AM EDT","05/06/2025, 02:41 AM CDT","05/06/2025, 12:41 AM PDT","Pac-man Arcade Tin, 0.6 Ounces of Strawberry Flavored Pac-Man Shaped Candies - 12 Count Display Box",266250360,611508527113,N/A,N/A,Boston America,Home & Garden,Dried Food Dispensers,N/A,N/A,N/A,https://i5.walmartimages.com/seo/Pac-man-Arcade-Tin-0-6-Ounces-of-Strawberry-Flavored-Pac-Man-Shaped-Candies-12-Count-Display-Box_d65f76a3-1da4-40c5-921d-5c510598e803.1e148cfa04715b0b32cd839a8ad9922a.jpeg,,N/A,https://www.walmart.com/ip/266250360,28.8,N/A,https://www.amazon.com/s?k=Pac-man%20Arcade%20Tin%2C%200.6%20Ounces%20of%20Strawberry%20Flavored%20Pac-Man%20Shaped%20Candies%20-%2012%20Count%20Display%20Box,https://www.ebay.com/sch/i.html?_nkw=Pac-man%20Arcade%20Tin%2C%200.6%20Ounces%20of%20Strawberry%20Flavored%20Pac-Man%20Shaped%20Candies%20-%2012%20Count%20Display%20Box,https://www.google.com/search?q=Pac-man%20Arcade%20Tin%2C%200.6%20Ounces%20of%20Strawberry%20Flavored%20Pac-Man%20Shaped%20Candies%20-%2012%20Count%20Display%20Box,https://seller.walmart.com/catalog/add-items?search=266250360,N/A,no,no,no,1,0,1,4,BiG Confections,mfn,$45.99,4,$45.99,$45.99,45.99,28.8,6.8,14.78 %,23.61 %,37.90,28.48,1,NA,N/A,$10.39,$3.45,0,$6.90,15.00%,$0.00,1,$0.04,$0.30 /lb,$0.04,$0.00,$0.00,$0.00,$0.00,0,$0.00,,0,"For better accuracy, we’ve used dimensions from B008CS5FB6 to provide more precise estimates,3 or less sellers","3.27, 1.93, 1.14 in, 0.13 lbs",3.27,1.93,1.14,0.13,N/A,Computer
"04/30/2025, 06:35 AM PDT","04/30/2025, 09:35 AM EDT","04/30/2025, 08:35 AM CDT","04/30/2025, 06:35 AM PDT",Red Vines Made Simple Berry Twists 4oz (Pack of 2),10595116068,0,N/A,N/A,Red Vines,Grocery,Licorice Candy,N/A,N/A,N/A,https://i5.walmartimages.com/seo/Red-Vines-Made-Simple-Berry-Twists-4oz-Pack-of-2_64f3927c-d0b5-493c-9a81-a12e0bcaf0f3.ae0d9351ee21efdfb55d3514db3c14fe.jpeg,,N/A,https://www.walmart.com/ip/10595116068,4.3,https://www.amazon.com/dp/undefined,https://www.amazon.com/s?k=Red%20Vines%20Made%20Simple%20Berry%20Twists%204oz%20(Pack%20of%202),https://www.ebay.com/sch/i.html?_nkw=Red%20Vines%20Made%20Simple%20Berry%20Twists%204oz%20(Pack%20of%202),https://www.google.com/search?q=Red%20Vines%20Made%20Simple%20Berry%20Twists%204oz%20(Pack%20of%202),https://seller.walmart.com/catalog/add-items?search=10595116068,N/A,no,no,no,1,0,1,5,Heyinz,mfn,$17.28,5,$17.28,$17.28,17.28,4.3,6.71,38.82 %,156.01 %,9.70,8.81,1,,N/A,$6.27,$3.45,0,$2.59,15.00%,$0.03,1,$0.20,$0.30 /lb,$0.20,$0.00,$0.00,$0.00,$0.00,0,$0.00,,0,"For better accuracy, we’ve used dimensions from B08465QHQF to provide more precise estimates,3 or less sellers","9.69, 3.74, 2.01 in, 0.66 lbs",9.69,3.74,2.01,0.66,N/A,Computer
"04/29/2025, 06:46 AM PDT","04/29/2025, 09:46 AM EDT","04/29/2025, 08:46 AM CDT","04/29/2025, 06:46 AM PDT",Ocean Bomb-Naruto Sparkling Water Yuzu Flavor 330ml (Taiwan),10305620370,0,1 Pack,1,Ocean Bomb,Grocery,Sparkling Water,N/A,N/A,N/A,https://i5.walmartimages.com/seo/Ocean-Bomb-Yuzu-Flavor-Sparkling-Water-330mlX4Can_57d111f7-a999-4132-900d-c5c0aca6e0e1.60be78895a168f08072c3bc8a9153e4d.jpeg,,N/A,https://www.walmart.com/ip/10305620370,2.25,https://www.amazon.com/dp/undefined,https://www.amazon.com/s?k=Ocean%20Bomb-Naruto%20Sparkling%20Water%20Yuzu%20Flavor%20330ml%20(Taiwan),https://www.ebay.com/sch/i.html?_nkw=Ocean%20Bomb-Naruto%20Sparkling%20Water%20Yuzu%20Flavor%20330ml%20(Taiwan),https://www.google.com/search?q=Ocean%20Bomb-Naruto%20Sparkling%20Water%20Yuzu%20Flavor%20330ml%20(Taiwan),https://seller.walmart.com/catalog/add-items?search=10305620370,N/A,no,no,no,1,0,1,1,PSYDUCKONLINE,mfn,$20.99,1,$20.99,$20.99,20.99,2.25,6.58,31.35 %,292.48 %,12.15,7.06,1,,N/A,$12.16,$8.15,0,$3.15,15.00%,$0.56,1,$0.30,$0.30 /lb,$0.30,$0.00,$0.00,$0.00,$0.00,0,$0.00,,0,"For better accuracy, we’ve used dimensions from B0CG37QLWG to provide more precise estimates,3 or less sellers","17.99, 12.01, 5.98 in, 1.00 lbs",17.99,12.01,5.98,1.00,N/A,Computer
"05/02/2025, 04:29 AM PDT","05/02/2025, 07:29 AM EDT","05/02/2025, 06:29 AM CDT","05/02/2025, 04:29 AM PDT",Alberts Giant Sour Sprayer Combo 12ct Box,5652161003,72084120462,N/A,N/A,Albert's Meats,Grocery,Sour Candy,N/A,N/A,N/A,https://i5.walmartimages.com/seo/Alberts-Giant-Sour-Sprayer-Combo-12ct-Box_07fa6945-123a-445d-9580-2a9306b94c0b.330a5bc17acf1e0d3028462e824133bf.jpeg,,N/A,https://www.walmart.com/ip/5652161003,14.72,https://www.amazon.com/dp/B0D23WM5WM,https://www.amazon.com/s?k=Alberts%20Giant%20Sour%20Sprayer%20Combo%2012ct%20Box,https://www.ebay.com/sch/i.html?_nkw=Alberts%20Giant%20Sour%20Sprayer%20Combo%2012ct%20Box,https://www.google.com/search?q=Alberts%20Giant%20Sour%20Sprayer%20Combo%2012ct%20Box,https://seller.walmart.com/catalog/add-items?search=5652161003,N/A,no,no,no,1,0,1,18,Candy Retailer,mfn,$32.30,18,$32.30,$32.30,32.3,14.72,6.47,20.03 %,43.95 %,24.60,16.95,1,$38.51,N/A,$11.11,$5.45,0,$4.84,15.00%,$0.06,1,$0.75,$0.30 /lb,$0.75,$0.00,$0.00,$0.00,$0.00,0,$0.00,,0,"For better accuracy, we’ve used dimensions from B0C1HG6WTP to provide more precise estimates,3 or less sellers","5.98, 5.00, 5.00 in, 2.50 lbs",5.98,5.00,5.00,2.50,N/A,Computer
"05/07/2025, 01:38 AM PDT","05/07/2025, 04:38 AM EDT","05/07/2025, 03:38 AM CDT","05/07/2025, 01:38 AM PDT","Candy Envy Purple Rock Candy Sugar Stick, Grape Flavored, 12 Count, Individually Wrapped",3942976238,810000163151,12,4,Candy Envy,Grocery,Rock Candy,N/A,N/A,N/A,https://i5.walmartimages.com/seo/Candy-Envy-Purple-Rock-Candy-Sugar-Stick-Grape-Flavored-12-Count-Individually-Wrapped_0ed724fe-d2db-4819-a4cf-05882b1d8d9f.87bf4171e3cc6bf35a6a2c2c992d54fa.jpeg,,N/A,https://www.walmart.com/ip/3942976238,5.16,N/A,https://www.amazon.com/s?k=Candy%20Envy%20Purple%20Rock%20Candy%20Sugar%20Stick%2C%20Grape%20Flavored%2C%2012%20Count%2C%20Individually%20Wrapped,https://www.ebay.com/sch/i.html?_nkw=Candy%20Envy%20Purple%20Rock%20Candy%20Sugar%20Stick%2C%20Grape%20Flavored%2C%2012%20Count%2C%20Individually%20Wrapped,https://www.google.com/search?q=Candy%20Envy%20Purple%20Rock%20Candy%20Sugar%20Stick%2C%20Grape%20Flavored%2C%2012%20Count%2C%20Individually%20Wrapped,https://seller.walmart.com/catalog/add-items?search=3942976238,N/A,no,no,no,1,0,1,223,Candy Envy,mfn,$17.99,223,$17.99,$17.99,17.99,5.16,6.44,35.81 %,124.86 %,0.00,9.28,1,NA,N/A,$6.39,$3.45,0,$2.70,15.00%,$0.04,1,$0.20,$0.30 /lb,$0.20,$0.00,$0.00,$0.00,$0.00,0,$0.00,,0,"The listing has 4 variations,For better accuracy, we’ve used dimensions from B00NQ9XTRI to provide more precise estimates,3 or less sellers","7.56, 4.09, 2.80 in, 0.67 lbs",7.56,4.09,2.80,0.67,N/A,Computer
"05/02/2025, 04:07 AM PDT","05/02/2025, 07:07 AM EDT","05/02/2025, 06:07 AM CDT","05/02/2025, 04:07 AM PDT","Halloween Friday The 13th Jason Mask Candy Tin, Sour Cherry Candy Cleavers - 12 Count Display Box",2641238118,611508594603,N/A,N/A,Boston America,Grocery,Sour Candy,N/A,N/A,N/A,https://i5.walmartimages.com/seo/Halloween-Friday-The-13th-Jason-Mask-Candy-Tin-Sour-Cherry-Candy-Cleavers-12-Count-Display-Box_b4832242-6f94-410c-9fbd-798b2c182534.34833b9a30c52bb1da70ee0b59c622ca.jpeg,,N/A,https://www.walmart.com/ip/2641238118,25.8,https://www.amazon.com/dp/B09G4DPJ4R,https://www.amazon.com/s?k=Halloween%20Friday%20The%2013th%20Jason%20Mask%20Candy%20Tin%2C%20Sour%20Cherry%20Candy%20Cleavers%20-%2012%20Count%20Display%20Box,https://www.ebay.com/sch/i.html?_nkw=Halloween%20Friday%20The%2013th%20Jason%20Mask%20Candy%20Tin%2C%20Sour%20Cherry%20Candy%20Cleavers%20-%2012%20Count%20Display%20Box,https://www.google.com/search?q=Halloween%20Friday%20The%2013th%20Jason%20Mask%20Candy%20Tin%2C%20Sour%20Cherry%20Candy%20Cleavers%20-%2012%20Count%20Display%20Box,https://seller.walmart.com/catalog/add-items?search=2641238118,N/A,no,no,no,1,0,1,7,BiG Confections,mfn,$44.99,7,$44.99,$44.99,44.99,25.8,6.37,14.15 %,24.67 %,37.40,25.73,1,$46.99,N/A,$12.82,$5.45,0,$6.75,15.00%,$0.07,1,$0.56,$0.30 /lb,$0.56,$0.00,$0.00,$0.00,$0.00,0,$0.00,,0,"Pulling package information from B09G4DPJ4R via amazon.com,3 or less sellers","6.85, 6.69, 3.58 in, 1.85 lbs",6.85,6.69,3.58,1.85,N/A,Computer
"05/07/2025, 01:02 AM PDT","05/07/2025, 04:02 AM EDT","05/07/2025, 03:02 AM CDT","05/07/2025, 01:02 AM PDT","AWAKE Caramel Chocolate Candy Bites, 0.58 Oz, 50 Ct",564818580,891325004077,Single,1,Awake Couture,Grocery,Chocolate Candy,N/A,N/A,00453U,https://i5.walmartimages.com/seo/AWAKE-Caramel-Chocolate-Candy-Bites-0-58-Oz-50-Ct_7171c84a-e21d-40b8-9bc2-bcebf2b03a6d.bc752733cbfe07267e60abd74597fa84.jpeg,,N/A,https://www.walmart.com/ip/564818580,32.5,https://www.amazon.com/dp/B076639JKZ,https://www.amazon.com/s?k=AWAKE%20Caramel%20Chocolate%20Candy%20Bites%2C%200.58%20Oz%2C%2050%20Ct,https://www.ebay.com/sch/i.html?_nkw=AWAKE%20Caramel%20Chocolate%20Candy%20Bites%2C%200.58%20Oz%2C%2050%20Ct,https://www.google.com/search?q=AWAKE%20Caramel%20Chocolate%20Candy%20Bites%2C%200.58%20Oz%2C%2050%20Ct,https://seller.walmart.com/catalog/add-items?search=564818580,N/A,no,no,no,3,0,3,18,Tribeca Curations,mfn,$52.80,5,$52.80,$59.04,52.8,32.5,6.3,11.92 %,19.37 %,45.30,31.04,1,$44.24,200+ units sold this month on Amazon,$14.00,$5.45,0,$7.92,15.00%,$0.10,1,$0.54,$0.30 /lb,$0.54,$0.00,$0.00,$0.00,$0.00,0,$0.00,3.8,5,"Pulling package information from B076639JKZ via amazon.com,3 or less sellers","7.68, 5.47, 5.31 in, 1.79 lbs",7.68,5.47,5.31,1.79,N/A,Computer
"05/03/2025, 03:10 AM PDT","05/03/2025, 06:10 AM EDT","05/03/2025, 05:10 AM CDT","05/03/2025, 03:10 AM PDT","1.66 oz Icee Dip N Lik Lollipop with Candy Powder, Pack of 12",5198496623,729001829099,N/A,N/A,Gurume,Grocery,Lollipops & Suckers,N/A,N/A,N/A,https://i5.walmartimages.com/seo/1-66-oz-Icee-Dip-N-Lik-Lollipop-with-Candy-Powder-Pack-of-12_07adb372-9158-4cc4-a77c-44f654b56197.bcdc0e71696182c3d0cf7a2d8df4d5ea.jpeg,,N/A,https://www.walmart.com/ip/5198496623,14.28,N/A,https://www.amazon.com/s?k=1.66%20oz%20Icee%20Dip%20N%20Lik%20Lollipop%20with%20Candy%20Powder%2C%20Pack%20of%2012,https://www.ebay.com/sch/i.html?_nkw=1.66%20oz%20Icee%20Dip%20N%20Lik%20Lollipop%20with%20Candy%20Powder%2C%20Pack%20of%2012,https://www.google.com/search?q=1.66%20oz%20Icee%20Dip%20N%20Lik%20Lollipop%20with%20Candy%20Powder%2C%20Pack%20of%2012,https://seller.walmart.com/catalog/add-items?search=5198496623,N/A,no,no,no,3,0,3,5,National Merchandise Solutions,mfn,$30.29,2,$30.29,$48.46,30.29,14.28,6.24,20.60 %,43.69 %,22.85,16.42,1,NA,N/A,$9.77,$4.95,0,$4.54,15.00%,$0.04,1,$0.24,$0.30 /lb,$0.24,$0.00,$0.00,$0.00,$0.00,0,$0.00,,0,"For better accuracy, we’ve used dimensions from B0D6Z7ZGZK to provide more precise estimates,3 or less sellers","9.65, 5.04, 1.89 in, 0.79 lbs",9.65,5.04,1.89,0.79,N/A,Computer
"05/02/2025, 04:12 AM PDT","05/02/2025, 07:12 AM EDT","05/02/2025, 06:12 AM CDT","05/02/2025, 04:12 AM PDT",Fun Sweets Classic Cotton Candy 1.5 oz plastic cup airtight seal 6 pcs,969250367,657789577904,N/A,N/A,Fun Sweets,Grocery,Gummy Candy,N/A,N/A,N/A,https://i5.walmartimages.com/seo/Fun-Sweets-Classic-Cotton-Candy-1-5-oz-plastic-cup-airtight-seal-6-pcs_c4839b92-3200-44d1-b7b5-d8d926516d37.125de57a0b4f471eb2ad7f236a7e594a.jpeg,,N/A,https://www.walmart.com/ip/969250367,9.84,https://www.amazon.com/dp/B071XB3XXG,https://www.amazon.com/s?k=Fun%20Sweets%20Classic%20Cotton%20Candy%201.5%20oz%20plastic%20cup%20airtight%20seal%206%20pcs,https://www.ebay.com/sch/i.html?_nkw=Fun%20Sweets%20Classic%20Cotton%20Candy%201.5%20oz%20plastic%20cup%20airtight%20seal%206%20pcs,https://www.google.com/search?q=Fun%20Sweets%20Classic%20Cotton%20Candy%201.5%20oz%20plastic%20cup%20airtight%20seal%206%20pcs,https://seller.walmart.com/catalog/add-items?search=969250367,N/A,no,no,no,1,0,1,5,Grab Deals LLC,mfn,$22.99,5,$22.99,$22.99,22.99,9.84,6.16,26.78 %,62.56 %,14.45,12.80,1,OOS,N/A,$6.99,$3.45,0,$3.45,15.00%,$0.04,1,$0.05,$0.30 /lb,$0.05,$0.00,$0.00,$0.00,$0.00,0,$0.00,,0,"Pulling package information from B071XB3XXG via amazon.com,3 or less sellers","5.08, 4.61, 4.37 in, 0.17 lbs",5.08,4.61,4.37,0.17,N/A,Computer
"05/06/2025, 12:44 AM PDT","05/06/2025, 03:44 AM EDT","05/06/2025, 02:44 AM CDT","05/06/2025, 12:44 AM PDT","Face Twisters Paint Roller Candy, 0.78 oz. (22g) - 12 Count Display Box",1280295668,793216120203,N/A,N/A,Face Twisters,Grocery,Sour Candy,N/A,N/A,N/A,https://i5.walmartimages.com/seo/Face-Twisters-Paint-Roller-Candy-0-78-oz-22g-12-Count-Display-Box_5635bbc7-87b0-4e47-88c9-5cc21127bd2c.455d9663534012628836da14d02cdf27.jpeg,,N/A,https://www.walmart.com/ip/1280295668,15.6,https://www.amazon.com/dp/B09XC379G1,https://www.amazon.com/s?k=Face%20Twisters%20Paint%20Roller%20Candy%2C%200.78%20oz.%20(22g)%20-%2012%20Count%20Display%20Box,https://www.ebay.com/sch/i.html?_nkw=Face%20Twisters%20Paint%20Roller%20Candy%2C%200.78%20oz.%20(22g)%20-%2012%20Count%20Display%20Box,https://www.google.com/search?q=Face%20Twisters%20Paint%20Roller%20Candy%2C%200.78%20oz.%20(22g)%20-%2012%20Count%20Display%20Box,https://seller.walmart.com/catalog/add-items?search=1280295668,N/A,no,no,no,3,0,3,31,National Merchandise Solutions,mfn,$29.69,1,$29.68,$30.35,29.69,15.6,6.01,20.26 %,38.55 %,22.50,17.29,1,$13.92,N/A,$8.08,$3.45,0,$4.45,15.00%,$0.09,1,$0.08,$0.30 /lb,$0.08,$0.00,$0.00,$0.00,$0.00,0,$0.00,,0,"Pulling package information from B09XC379G1 via amazon.com,3 or less sellers","8.15, 8.03, 3.31 in, 0.26 lbs",8.15,8.03,3.31,0.26,N/A,Computer
"05/06/2025, 04:33 AM PDT","05/06/2025, 07:33 AM EDT","05/06/2025, 06:33 AM CDT","05/06/2025, 04:33 AM PDT",Alter Eco Americas Organic Chocolate Bar - Dark Salted Burnt Caramel - 2.82 oz Bars - Case of 12,355478389,654322714093,N/A,N/A,Alter Eco,Grocery,Chocolate Candy,N/A,N/A,N/A,https://i5.walmartimages.com/seo/Alter-Eco-Americas-Organic-Chocolate-Bar-Dark-Salted-Burnt-Caramel-2-82-oz-Bars-Case-of-12_2a0d79b9-244d-4762-b5b4-5aa1f16af792.eab03cafa84f7ce615ca725e96fa0fcc.jpeg,,N/A,https://www.walmart.com/ip/355478389,43.08,N/A,https://www.amazon.com/s?k=Alter%20Eco%20Americas%20Organic%20Chocolate%20Bar%20-%20Dark%20Salted%20Burnt%20Caramel%20-%202.82%20oz%20Bars%20-%20Case%20of%2012,https://www.ebay.com/sch/i.html?_nkw=Alter%20Eco%20Americas%20Organic%20Chocolate%20Bar%20-%20Dark%20Salted%20Burnt%20Caramel%20-%202.82%20oz%20Bars%20-%20Case%20of%2012,https://www.google.com/search?q=Alter%20Eco%20Americas%20Organic%20Chocolate%20Bar%20-%20Dark%20Salted%20Burnt%20Caramel%20-%202.82%20oz%20Bars%20-%20Case%20of%2012,https://seller.walmart.com/catalog/add-items?search=355478389,N/A,no,no,no,2,0,2,22,R&B Market,mfn,$65.00,10,$65.00,$70.67,65,43.08,5.93,9.12 %,13.77 %,57.95,39.21,1,NA,N/A,$15.99,$5.45,0,$9.75,15.00%,$0.05,1,$0.74,$0.30 /lb,$0.74,$0.00,$0.00,$0.00,$0.00,0,$0.00,,0,"For better accuracy, we’ve used dimensions from B00OE9NULE to provide more precise estimates,3 or less sellers","6.38, 5.12, 3.39 in, 2.47 lbs",6.38,5.12,3.39,2.47,N/A,Computer
"05/01/2025, 11:46 PM PDT","05/02/2025, 02:46 AM EDT","05/02/2025, 01:46 AM CDT","05/01/2025, 11:46 PM PDT",Bubble Gum Balls in Plastic Bat by Big League Chew | 2.9 Oz | Pack Of 2,526198592,810087464042,Single,3,Tribeca Curations,Grocery,Chewing Gum,N/A,N/A,N/A,https://i5.walmartimages.com/seo/Bubble-Gum-Balls-in-Plastic-Bat-by-Big-League-Chew-2-9-Oz-Pack-Of-2_b8f77c4a-334a-4601-bcdf-ce1bed0eaa51.a076832d697c2e3abdb09bd79f3a2cab.jpeg,,N/A,https://www.walmart.com/ip/526198592,11.34,N/A,https://www.amazon.com/s?k=Bubble%20Gum%20Balls%20in%20Plastic%20Bat%20by%20Big%20League%20Chew%20%7C%202.9%20Oz%20%7C%20Pack%20Of%202,https://www.ebay.com/sch/i.html?_nkw=Bubble%20Gum%20Balls%20in%20Plastic%20Bat%20by%20Big%20League%20Chew%20%7C%202.9%20Oz%20%7C%20Pack%20Of%202,https://www.google.com/search?q=Bubble%20Gum%20Balls%20in%20Plastic%20Bat%20by%20Big%20League%20Chew%20%7C%202.9%20Oz%20%7C%20Pack%20Of%202,https://seller.walmart.com/catalog/add-items?search=526198592,N/A,no,no,no,1,0,1,2,Tribeca Curations,mfn,$24.50,2,$24.50,$24.50,24.5,11.34,5.85,23.87 %,51.56 %,17.55,13.75,1,NA,N/A,$7.31,$3.45,0,$3.67,15.00%,$0.02,1,$0.17,$0.30 /lb,$0.17,$0.00,$0.00,$0.00,$0.00,0,$0.00,,0,"The listing has 3 variations,For better accuracy, we’ve used dimensions from B0CZ7NNNBL to provide more precise estimates,3 or less sellers","17.76, 1.73, 1.69 in, 0.55 lbs",17.76,1.73,1.69,0.55,N/A,Computer
"04/30/2025, 12:29 AM PDT","04/30/2025, 03:29 AM EDT","04/30/2025, 02:29 AM CDT","04/30/2025, 12:29 AM PDT","UHA Mikakuto Puchao Soft Candy with Gummy Bits, 4 Fruit Flavors, 3.53 oz",15132073738,610260303850,N/A,N/A,Puchao,Grocery,Gummy Candy,N/A,N/A,N/A,https://i5.walmartimages.com/seo/UHA-Mikakuto-Puchao-Soft-Candy-with-Gummy-Bits-4-Fruit-Flavors-3-53-oz_ee2262c9-f1c1-4c72-b889-53440035c55a.7dbc9b730006393a6b3a4ee0b381fff6.jpeg,,N/A,https://www.walmart.com/ip/15132073738,2.83,N/A,https://www.amazon.com/s?k=UHA%20Mikakuto%20Puchao%20Soft%20Candy%20with%20Gummy%20Bits%2C%204%20Fruit%20Flavors%2C%203.53%20oz,https://www.ebay.com/sch/i.html?_nkw=UHA%20Mikakuto%20Puchao%20Soft%20Candy%20with%20Gummy%20Bits%2C%204%20Fruit%20Flavors%2C%203.53%20oz,https://www.google.com/search?q=UHA%20Mikakuto%20Puchao%20Soft%20Candy%20with%20Gummy%20Bits%2C%204%20Fruit%20Flavors%2C%203.53%20oz,https://seller.walmart.com/catalog/add-items?search=15132073738,N/A,yes,no,no,1,0,1,50,MnM LLC,mfn,$13.27,50,$13.27,$13.27,13.27,2.83,5.83,43.92 %,205.93 %,7.95,6.93,1,NA,N/A,$4.61,$3.45,0,$1.06,8.00%,$0.03,1,$0.07,$0.30 /lb,$0.07,$0.00,$0.00,$0.00,$0.00,0,$0.00,,0,"For better accuracy, we’ve used dimensions from B071K3F3PR to provide more precise estimates,3 or less sellers","8.23, 5.98, 1.34 in, 0.24 lbs",8.23,5.98,1.34,0.24,N/A,Computer
"05/03/2025, 12:53 AM PDT","05/03/2025, 03:53 AM EDT","05/03/2025, 02:53 AM CDT","05/03/2025, 12:53 AM PDT","My Favorite Co Easter Block Pops Candy Lollipop, 1 Count Assorted, 0.35 oz, Allergens Not Contained",1125291479,191817360231,N/A,N/A,My Favorite Co,Grocery,Lollipops & Suckers,N/A,N/A,N/A,https://i5.walmartimages.com/seo/My-Favorite-Co-Easter-Block-Pops-Candy-Lollipop-1-Count-Assorted-0-35-oz-Allergens-Not-Contained_d661d192-b103-442f-93d2-9b6ab29c9298.24578ddaff939f72f1c7db48fb3c92c9.jpeg,,N/A,https://www.walmart.com/ip/1125291479,1.4,N/A,https://www.amazon.com/s?k=My%20Favorite%20Co%20Easter%20Block%20Pops%20Candy%20Lollipop%2C%201%20Count%20Assorted%2C%200.35%20oz%2C%20Allergens%20Not%20Contained,https://www.ebay.com/sch/i.html?_nkw=My%20Favorite%20Co%20Easter%20Block%20Pops%20Candy%20Lollipop%2C%201%20Count%20Assorted%2C%200.35%20oz%2C%20Allergens%20Not%20Contained,https://www.google.com/search?q=My%20Favorite%20Co%20Easter%20Block%20Pops%20Candy%20Lollipop%2C%201%20Count%20Assorted%2C%200.35%20oz%2C%20Allergens%20Not%20Contained,https://seller.walmart.com/catalog/add-items?search=1125291479,N/A,no,no,no,2,0,2,20,Clicks & Bricks,mfn,$11.85,10,$11.85,$11.87,11.85,1.4,5.8,48.97 %,414.47 %,6.55,5.76,1,NA,N/A,$4.65,$3.45,0,$0.95,8.00%,$0.06,1,$0.19,$0.30 /lb,$0.19,$0.00,$0.00,$0.00,$0.00,0,$0.00,3.5,4,"For better accuracy, we’ve used dimensions from B09DTMVYBL to provide more precise estimates,3 or less sellers","11.50, 7.32, 1.57 in, 0.64 lbs",11.50,7.32,1.57,0.64,N/A,Computer
"05/03/2025, 03:47 AM PDT","05/03/2025, 06:47 AM EDT","05/03/2025, 05:47 AM CDT","05/03/2025, 03:47 AM PDT",Jelly Belly Harry Potter Inspired ButterBeer Chewy Candy Barrel Tin 1.5 oz and Butterbeer Jelly Beans 1 oz Bag,9176101756,735778510627,N/A,N/A,Jelly Belly,Grocery,Jelly Beans,N/A,N/A,N/A,https://i5.walmartimages.com/seo/Jelly-Belly-Harry-Potter-Inspired-ButterBeer-Chewy-Candy-Barrel-Tin-1-5-oz-and-Butterbeer-Jelly-Beans-1-oz-Bag_d25e8878-3755-4c45-b641-5610140398e1.2e16e07b9adc7ff8864ab8f6a7d3655b.jpeg,,N/A,https://www.walmart.com/ip/9176101756,1.2,N/A,https://www.amazon.com/s?k=Jelly%20Belly%20Harry%20Potter%20Inspired%20ButterBeer%20Chewy%20Candy%20Barrel%20Tin%201.5%20oz%20and%20Butterbeer%20Jelly%20Beans%201%20oz%20Bag,https://www.ebay.com/sch/i.html?_nkw=Jelly%20Belly%20Harry%20Potter%20Inspired%20ButterBeer%20Chewy%20Candy%20Barrel%20Tin%201.5%20oz%20and%20Butterbeer%20Jelly%20Beans%201%20oz%20Bag,https://www.google.com/search?q=Jelly%20Belly%20Harry%20Potter%20Inspired%20ButterBeer%20Chewy%20Candy%20Barrel%20Tin%201.5%20oz%20and%20Butterbeer%20Jelly%20Beans%201%20oz%20Bag,https://seller.walmart.com/catalog/add-items?search=9176101756,N/A,no,no,no,0,0,0,0,N/A,N/A,0,,,Price,11.29,1.2,5.63,49.83 %,468.80 %,6.20,5.46,1,NA,N/A,$4.46,$3.45,0,$0.90,8.00%,$0.01,1,$0.10,$0.30 /lb,$0.10,$0.00,$0.00,$0.00,$0.00,0,$0.00,,0,"For better accuracy, we’ve used dimensions from B0DHFFNXXD to provide more precise estimates,3 or less sellers","2.80, 2.52, 2.01 in, 0.35 lbs",2.80,2.52,2.01,0.35,N/A,Computer
"04/30/2025, 12:42 AM PDT","04/30/2025, 03:42 AM EDT","04/30/2025, 02:42 AM CDT","04/30/2025, 12:42 AM PDT",Uha Puchao Chewy Candy Yogurt Drink&Peach 3.53oz/(100g),5566199825,11152843308,N/A,N/A,Uha Puchao,Grocery,Chewy Candy,N/A,N/A,N/A,https://i5.walmartimages.com/seo/Uha-Puchao-Chewy-Candy-Yogurt-Drink-Peach-3-53oz-100g_1df37a62-a40d-464a-be57-156626a936a3.f1fc17414a1c369acda470e929268c0f.jpeg,,N/A,https://www.walmart.com/ip/5566199825,2.83,N/A,https://www.amazon.com/s?k=Uha%20Puchao%20Chewy%20Candy%20Yogurt%20Drink%26Peach%203.53oz%2F(100g),https://www.ebay.com/sch/i.html?_nkw=Uha%20Puchao%20Chewy%20Candy%20Yogurt%20Drink%26Peach%203.53oz%2F(100g),https://www.google.com/search?q=Uha%20Puchao%20Chewy%20Candy%20Yogurt%20Drink%26Peach%203.53oz%2F(100g),https://seller.walmart.com/catalog/add-items?search=5566199825,N/A,no,no,no,1,0,1,3,PSYDUCKONLINE,mfn,$12.99,3,$12.99,$12.99,12.99,2.83,5.58,42.93 %,197.04 %,7.95,6.73,1,NA,N/A,$4.58,$3.45,0,$1.04,8.00%,$0.02,1,$0.07,$0.30 /lb,$0.07,$0.00,$0.00,$0.00,$0.00,0,$0.00,,0,"For better accuracy, we’ve used dimensions from B0737NM3TR to provide more precise estimates,3 or less sellers","8.03, 5.87, 1.10 in, 0.24 lbs",8.03,5.87,1.10,0.24,N/A,Computer
"05/02/2025, 12:31 AM PDT","05/02/2025, 03:31 AM EDT","05/02/2025, 02:31 AM CDT","05/02/2025, 12:31 AM PDT","US Toy  2.75 in. Cry Baby Sour Wax Mini Drink Bottles, 4 Piece - Pack of 18",410325345,59642340746,Case of 18,2,US Toy,Grocery,Sour Candy,N/A,N/A,N/A,https://i5.walmartimages.com/seo/US-Toy-2-75-in-Cry-Baby-Sour-Wax-Mini-Drink-Bottles-4-Piece-Pack-of-18_04c24093-656e-4be4-b5c2-eab7fbed6b13.b2bcff7533fe40b010e900eda55c62fc.jpeg,,N/A,https://www.walmart.com/ip/410325345,24.84,https://www.amazon.com/dp/B074G35JY3,https://www.amazon.com/s?k=US%20Toy%20%202.75%20in.%20Cry%20Baby%20Sour%20Wax%20Mini%20Drink%20Bottles%2C%204%20Piece%20-%20Pack%20of%2018,https://www.ebay.com/sch/i.html?_nkw=US%20Toy%20%202.75%20in.%20Cry%20Baby%20Sour%20Wax%20Mini%20Drink%20Bottles%2C%204%20Piece%20-%20Pack%20of%2018,https://www.google.com/search?q=US%20Toy%20%202.75%20in.%20Cry%20Baby%20Sour%20Wax%20Mini%20Drink%20Bottles%2C%204%20Piece%20-%20Pack%20of%2018,https://seller.walmart.com/catalog/add-items?search=410325345,N/A,no,no,no,6,0,6,249,Valyou General,mfn,$42.88,154,$42.87,$49.89,42.88,24.84,5.53,12.91 %,22.28 %,36.30,24.30,1,$32.99,50+ units sold this month on Amazon,$12.51,$5.45,0,$6.43,15.00%,$0.08,1,$0.55,$0.30 /lb,$0.55,$0.00,$0.00,$0.00,$0.00,0,$0.00,,0,"The listing has 2 variations,Pulling package information from B074G35JY3 via amazon.com","10.39, 4.61, 3.62 in, 1.83 lbs",10.39,4.61,3.62,1.83,N/A,Computer
"05/03/2025, 01:03 AM PDT","05/03/2025, 04:03 AM EDT","05/03/2025, 03:03 AM CDT","05/03/2025, 01:03 AM PDT",Original Bubble Gum Tape (Pack of 6) by   - 12 Ounce Total,5543538289,605214667621,N/A,1,HUBBA BUBBA,Grocery,Chewing Gum,N/A,N/A,N/A,https://i5.walmartimages.com/seo/Original-Bubble-Gum-Tape-Pack-of-6-by-12-Ounce-Total_64a7ba71-bc9f-40b2-937b-befd9f8cd4e1.10071320c9abc93df2f70d3eab3e127d.jpeg,,N/A,https://www.walmart.com/ip/5543538289,6.96,N/A,https://www.amazon.com/s?k=Original%20Bubble%20Gum%20Tape%20(Pack%20of%206)%20by%20%20%20-%2012%20Ounce%20Total,https://www.ebay.com/sch/i.html?_nkw=Original%20Bubble%20Gum%20Tape%20(Pack%20of%206)%20by%20%20%20-%2012%20Ounce%20Total,https://www.google.com/search?q=Original%20Bubble%20Gum%20Tape%20(Pack%20of%206)%20by%20%20%20-%2012%20Ounce%20Total,https://seller.walmart.com/catalog/add-items?search=5543538289,N/A,no,no,no,4,0,4,8,Pkr Investment Store,mfn,$20.90,3,$20.90,$25.00,20.9,6.96,5.53,26.47 %,79.48 %,13.20,9.99,1,NA,N/A,$8.41,$4.95,0,$3.13,15.00%,$0.03,1,$0.30,$0.30 /lb,$0.30,$0.00,$0.00,$0.00,$0.00,0,$0.00,,0,"For better accuracy, we’ve used dimensions from B071XNN1J5 to provide more precise estimates","6.38, 3.19, 2.99 in, 0.99 lbs",6.38,3.19,2.99,0.99,N/A,Computer
"05/03/2025, 03:13 AM PDT","05/03/2025, 06:13 AM EDT","05/03/2025, 05:13 AM CDT","05/03/2025, 03:13 AM PDT","US Toy CA698 2.12 oz Icee Giant Gummy, Pack of 12",881580113,632365626337,2.12 oz,1,ICEE,Grocery,Gummy Candy,N/A,N/A,N/A,https://i5.walmartimages.com/seo/US-Toy-CA698-2-12-oz-Icee-Giant-Gummy-Pack-of-12_49a51af1-09fb-4bc6-97d3-937acfc1e632.c255215bbd36a7dbf93d3ac8be401e10.jpeg,,N/A,https://www.walmart.com/ip/881580113,14.28,https://www.amazon.com/dp/B07WW29LK2,https://www.amazon.com/s?k=US%20Toy%20CA698%202.12%20oz%20Icee%20Giant%20Gummy%2C%20Pack%20of%2012,https://www.ebay.com/sch/i.html?_nkw=US%20Toy%20CA698%202.12%20oz%20Icee%20Giant%20Gummy%2C%20Pack%20of%2012,https://www.google.com/search?q=US%20Toy%20CA698%202.12%20oz%20Icee%20Giant%20Gummy%2C%20Pack%20of%2012,https://seller.walmart.com/catalog/add-items?search=881580113,N/A,no,no,no,1,0,1,8,Candy Retailer,mfn,$30.43,8,$30.43,$30.43,30.43,14.28,5.44,17.88 %,38.10 %,23.95,15.78,1,$30.44,N/A,$10.71,$5.45,0,$4.56,15.00%,$0.10,1,$0.60,$0.30 /lb,$0.60,$0.00,$0.00,$0.00,$0.00,0,$0.00,,0,"Pulling package information from B07WW29LK2 via amazon.com,3 or less sellers","10.98, 5.51, 3.62 in, 2.00 lbs",10.98,5.51,3.62,2.00,N/A,Computer
"05/07/2025, 03:42 AM PDT","05/07/2025, 06:42 AM EDT","05/07/2025, 05:42 AM CDT","05/07/2025, 03:42 AM PDT","Airheads Candy Bites, Paradise Blends, Non Melting, Party, Concessions, Office, 2Oz (Bulk Pack Of 18)",680351922,100412558387,N/A,N/A,AirHeads,Grocery,Gummy Candy,N/A,N/A,N/A,https://i5.walmartimages.com/seo/Airheads-Candy-Bites-Paradise-Blends-Non-Melting-Party-Concessions-Office-2Oz-Bulk-Pack-Of-18_74030022-f13b-4e80-8ee8-c3761612f234.28da4a2da23673ef510a81efc1b11622.jpeg,,N/A,https://www.walmart.com/ip/680351922,22.32,N/A,https://www.amazon.com/s?k=Airheads%20Candy%20Bites%2C%20Paradise%20Blends%2C%20Non%20Melting%2C%20Party%2C%20Concessions%2C%20Office%2C%202Oz%20(Bulk%20Pack%20Of%2018),https://www.ebay.com/sch/i.html?_nkw=Airheads%20Candy%20Bites%2C%20Paradise%20Blends%2C%20Non%20Melting%2C%20Party%2C%20Concessions%2C%20Office%2C%202Oz%20(Bulk%20Pack%20Of%2018),https://www.google.com/search?q=Airheads%20Candy%20Bites%2C%20Paradise%20Blends%2C%20Non%20Melting%2C%20Party%2C%20Concessions%2C%20Office%2C%202Oz%20(Bulk%20Pack%20Of%2018),https://seller.walmart.com/catalog/add-items?search=680351922,N/A,no,no,no,1,0,1,154,Valyou General,mfn,$39.94,154,$39.94,$39.94,39.94,22.32,5.27,13.20 %,23.61 %,33.65,22.07,1,NA,N/A,$12.35,$5.45,0,$5.99,15.00%,$0.10,1,$0.81,$0.30 /lb,$0.81,$0.00,$0.00,$0.00,$0.00,0,$0.00,,0,"For better accuracy, we’ve used dimensions from B081715VYT to provide more precise estimates,3 or less sellers","10.16, 6.97, 3.31 in, 2.69 lbs",10.16,6.97,3.31,2.69,N/A,Computer
"05/02/2025, 12:27 AM PDT","05/02/2025, 03:27 AM EDT","05/02/2025, 02:27 AM CDT","05/02/2025, 12:27 AM PDT",Cosmic Moon Shot 12 Count .88 Ounce Candy Game,173133650,48014347384,N/A,N/A,The Foreign Candy,Grocery,Fruit Flavored Candy,N/A,N/A,N/A,https://i5.walmartimages.com/seo/Cosmic-Moon-Shot-12-Count-88-Ounce-Candy-Game_7cfe8568-7372-43cb-ba98-9d39f054e221.8f73658e014a2e60e24a274f8a907680.jpeg,,N/A,https://www.walmart.com/ip/173133650,23.63,https://www.amazon.com/dp/B0851Q1HCC,https://www.amazon.com/s?k=Cosmic%20Moon%20Shot%2012%20Count%20.88%20Ounce%20Candy%20Game,https://www.ebay.com/sch/i.html?_nkw=Cosmic%20Moon%20Shot%2012%20Count%20.88%20Ounce%20Candy%20Game,https://www.google.com/search?q=Cosmic%20Moon%20Shot%2012%20Count%20.88%20Ounce%20Candy%20Game,https://seller.walmart.com/catalog/add-items?search=173133650,N/A,no,no,no,1,0,1,200,KLM Products Group,mfn,$41.43,200,$41.43,$41.43,41.43,23.63,5.15,12.42 %,21.78 %,35.30,23.02,1,$51.37,N/A,$12.65,$5.75,0,$6.21,15.00%,$0.17,1,$0.52,$0.30 /lb,$0.52,$0.00,$0.00,$0.00,$0.00,0,$0.00,,0,"Pulling package information from B0851Q1HCC via amazon.com,3 or less sellers","8.15, 7.52, 6.26 in, 1.74 lbs",8.15,7.52,6.26,1.74,N/A,Computer
"04/30/2025, 06:21 AM PDT","04/30/2025, 09:21 AM EDT","04/30/2025, 08:21 AM CDT","04/30/2025, 06:21 AM PDT","Justin's Nut Butter Organic Peanut Cups, White Chocolate 1.4 oz ( Pack of 2 )",15975409361,610260184794,N/A,N/A,Justin's,Grocery,Chocolate Candy,N/A,N/A,N/A,https://i5.walmartimages.com/seo/Justin-s-Nut-Butter-Organic-Peanut-Cups-White-Chocolate-1-4-oz-Pack-of-2_4f4c8faf-3bf1-4890-b2ad-a5bdee2b7c87.67df8ec6ed5ef6830bd0c7a28e790eac.jpeg,,N/A,https://www.walmart.com/ip/15975409361,4.52,N/A,https://www.amazon.com/s?k=Justin's%20Nut%20Butter%20Organic%20Peanut%20Cups%2C%20White%20Chocolate%201.4%20oz%20(%20Pack%20of%202%20),https://www.ebay.com/sch/i.html?_nkw=Justin's%20Nut%20Butter%20Organic%20Peanut%20Cups%2C%20White%20Chocolate%201.4%20oz%20(%20Pack%20of%202%20),https://www.google.com/search?q=Justin's%20Nut%20Butter%20Organic%20Peanut%20Cups%2C%20White%20Chocolate%201.4%20oz%20(%20Pack%20of%202%20),https://seller.walmart.com/catalog/add-items?search=15975409361,N/A,no,no,no,1,0,1,100,MnM LLC,mfn,$14.39,100,$14.39,$14.39,14.39,4.52,5.07,35.22 %,112.13 %,9.90,7.67,1,NA,N/A,$4.80,$3.45,0,$1.15,8.00%,$0.02,1,$0.18,$0.30 /lb,$0.18,$0.00,$0.00,$0.00,$0.00,0,$0.00,,0,"For better accuracy, we’ve used dimensions from B00QIVB6AS to provide more precise estimates,3 or less sellers","5.12, 4.02, 2.28 in, 0.60 lbs",5.12,4.02,2.28,0.60,N/A,Computer
"05/01/2025, 11:19 PM PDT","05/02/2025, 02:19 AM EDT","05/02/2025, 01:19 AM CDT","05/01/2025, 11:19 PM PDT",Wholesale Baby Flash Pop Bottle C / Dsp(12x$1.34),599510944,657789550785,N/A,N/A,Kidsmania,Grocery,Hard Candy,N/A,N/A,N/A,https://i5.walmartimages.com/seo/Wholesale-Baby-Flash-Pop-Bottle-C-Dsp-12x-1-34_c729faeb-5187-4101-905e-69066251afea_1.ad932ea1c408f16e85a13600e4a6c857.jpeg,,N/A,https://www.walmart.com/ip/599510944,15.24,N/A,https://www.amazon.com/s?k=Wholesale%20Baby%20Flash%20Pop%20Bottle%20C%20%2F%20Dsp(12x%241.34),https://www.ebay.com/sch/i.html?_nkw=Wholesale%20Baby%20Flash%20Pop%20Bottle%20C%20%2F%20Dsp(12x%241.34),https://www.google.com/search?q=Wholesale%20Baby%20Flash%20Pop%20Bottle%20C%20%2F%20Dsp(12x%241.34),https://seller.walmart.com/catalog/add-items?search=599510944,N/A,no,no,no,2,0,2,129,Grab Deals LLC,mfn,$27.99,30,$27.99,$29.00,27.99,15.24,5.03,17.98 %,33.02 %,22.00,16.22,1,NA,N/A,$7.72,$3.45,0,$4.20,15.00%,$0.06,1,$0.01,$0.30 /lb,$0.01,$0.00,$0.00,$0.00,$0.00,0,$0.00,,0,"For better accuracy, we’ve used dimensions from B019JZXT1I to provide more precise estimates,3 or less sellers","6.77, 5.28, 4.09 in, 0.02 lbs",6.77,5.28,4.09,0.02,N/A,Computer
"04/30/2025, 01:04 AM PDT","04/30/2025, 04:04 AM EDT","04/30/2025, 03:04 AM CDT","04/30/2025, 01:04 AM PDT",Sangaria Ramune Marble Soft Drink Strawberry Flavor 6 Pack,1514536351,366869647788,N/A,N/A,Eveline Cosmetics,Grocery,Soda Pop,N/A,N/A,N/A,https://i5.walmartimages.com/seo/Sangaria-Ramune-Marble-Soft-Drink-Strawberry-Flavor-6-Pack_40abb95e-84e2-48d3-adf0-2eac94c1bd22.5b8b75b119e21805319c0b06716b7990.jpeg,,N/A,https://www.walmart.com/ip/1514536351,10.68,N/A,https://www.amazon.com/s?k=Sangaria%20Ramune%20Marble%20Soft%20Drink%20Strawberry%20Flavor%206%20Pack,https://www.ebay.com/sch/i.html?_nkw=Sangaria%20Ramune%20Marble%20Soft%20Drink%20Strawberry%20Flavor%206%20Pack,https://www.google.com/search?q=Sangaria%20Ramune%20Marble%20Soft%20Drink%20Strawberry%20Flavor%206%20Pack,https://seller.walmart.com/catalog/add-items?search=1514536351,N/A,no,no,no,1,0,1,26,Crazy Soda Pop,mfn,$28.99,26,$28.99,$28.99,28.99,10.68,5,17.26 %,46.84 %,23.00,12.55,1,NA,N/A,$13.31,$6.95,0,$4.35,15.00%,$0.14,1,$1.87,$0.30 /lb,$1.87,$0.00,$0.00,$0.00,$0.00,0,$0.00,,0,"For better accuracy, we’ve used dimensions from B076TFDQC9 to provide more precise estimates,3 or less sellers","8.39, 6.89, 5.47 in, 6.24 lbs",8.39,6.89,5.47,6.24,N/A,Computer
"05/06/2025, 12:49 AM PDT","05/06/2025, 03:49 AM EDT","05/06/2025, 02:49 AM CDT","05/06/2025, 12:49 AM PDT",Kidsmania Peek-A-Poo Lollipop Candy Toy Dispenser - 12-0.39 Ounce Display Box,2257626943,686464646208,0,2,Kidsmania,Grocery,Lollipops & Suckers,N/A,N/A,N/A,https://i5.walmartimages.com/seo/Kidsmania-Peek-A-Poo-Lollipop-Candy-Toy-Dispenser-12-0-39-Ounce-Display-Box_2f509647-c22e-42ec-89aa-a7b72be4bbbc.5d335ed40045ae6098bd4373c2904571.jpeg,,N/A,https://www.walmart.com/ip/2257626943,15.24,N/A,https://www.amazon.com/s?k=Kidsmania%20Peek-A-Poo%20Lollipop%20Candy%20Toy%20Dispenser%20-%2012-0.39%20Ounce%20Display%20Box,https://www.ebay.com/sch/i.html?_nkw=Kidsmania%20Peek-A-Poo%20Lollipop%20Candy%20Toy%20Dispenser%20-%2012-0.39%20Ounce%20Display%20Box,https://www.google.com/search?q=Kidsmania%20Peek-A-Poo%20Lollipop%20Candy%20Toy%20Dispenser%20-%2012-0.39%20Ounce%20Display%20Box,https://seller.walmart.com/catalog/add-items?search=2257626943,N/A,no,no,no,4,0,4,29,Grab Deals LLC,mfn,$30.17,4,$30.16,$38.00,30.17,15.24,5,16.56 %,32.79 %,24.20,16.19,1,NA,N/A,$9.93,$4.95,0,$4.53,15.00%,$0.10,1,$0.36,$0.30 /lb,$0.36,$0.00,$0.00,$0.00,$0.00,0,$0.00,,0,"The listing has 2 variations,For better accuracy, we’ve used dimensions from B089KVGGYX to provide more precise estimates","10.31, 7.72, 2.91 in, 1.19 lbs",10.31,7.72,2.91,1.19,N/A,Computer
"05/07/2025, 12:54 AM PDT","05/07/2025, 03:54 AM EDT","05/07/2025, 02:54 AM CDT","05/07/2025, 12:54 AM PDT","(Pack of 8), Artisan Tropic Cassava Strips (Sea Salt), 2 oz",8973356070,467792824526,N/A,N/A,Artisan Tropic,Grocery,Snack Chips,N/A,N/A,N/A,https://i5.walmartimages.com/seo/Pack-of-8-Artisan-Tropic-Cassava-Strips-Sea-Salt-2-oz_ca612226-1f6a-4a46-b064-5cb25395044f.5780a420a8f81000b0c116e44d9b9fa5.jpeg,,N/A,https://www.walmart.com/ip/8973356070,14.32,N/A,https://www.amazon.com/s?k=(Pack%20of%208)%2C%20Artisan%20Tropic%20Cassava%20Strips%20(Sea%20Salt)%2C%202%20oz,https://www.ebay.com/sch/i.html?_nkw=(Pack%20of%208)%2C%20Artisan%20Tropic%20Cassava%20Strips%20(Sea%20Salt)%2C%202%20oz,https://www.google.com/search?q=(Pack%20of%208)%2C%20Artisan%20Tropic%20Cassava%20Strips%20(Sea%20Salt)%2C%202%20oz,https://seller.walmart.com/catalog/add-items?search=8973356070,N/A,no,no,no,1,0,1,45,shopGourmet.com,mfn,$30.75,45,$30.75,$30.75,30.75,14.32,4.94,16.06 %,34.49 %,24.85,15.41,1,NA,N/A,$11.49,$6.15,0,$4.61,15.00%,$0.28,1,$0.45,$0.30 /lb,$0.45,$0.00,$0.00,$0.00,$0.00,0,$0.00,,0,"For better accuracy, we’ve used dimensions from B0BM2W2XZH to provide more precise estimates,3 or less sellers","9.09, 9.09, 7.76 in, 1.50 lbs",9.09,9.09,7.76,1.50,N/A,Computer
"04/30/2025, 01:02 AM PDT","04/30/2025, 04:02 AM EDT","04/30/2025, 03:02 AM CDT","04/30/2025, 01:02 AM PDT",Sangaria Ramune Marble Soft Drink Melon Flavor 6 Pack,179413916,41163190719,N/A,N/A,Sangaria,Grocery,Soda Pop,N/A,N/A,N/A,https://i5.walmartimages.com/seo/Sangaria-Ramune-Marble-Soft-Drink-Melon-Flavor-6-Pack_65bee83d-3c5a-4584-bb4c-cffbc4b98793.11909b5fded2a2e9ea19efa9cb85a886.jpeg,,N/A,https://www.walmart.com/ip/179413916,10.68,N/A,https://www.amazon.com/s?k=Sangaria%20Ramune%20Marble%20Soft%20Drink%20Melon%20Flavor%206%20Pack,https://www.ebay.com/sch/i.html?_nkw=Sangaria%20Ramune%20Marble%20Soft%20Drink%20Melon%20Flavor%206%20Pack,https://www.google.com/search?q=Sangaria%20Ramune%20Marble%20Soft%20Drink%20Melon%20Flavor%206%20Pack,https://seller.walmart.com/catalog/add-items?search=179413916,N/A,no,no,no,1,0,1,27,Crazy Soda Pop,mfn,$28.99,27,$28.99,$28.99,28.99,10.68,4.86,16.77 %,45.52 %,23.20,12.43,1,NA,N/A,$13.45,$6.95,0,$4.35,15.00%,$0.17,1,$1.98,$0.30 /lb,$1.98,$0.00,$0.00,$0.00,$0.00,0,$0.00,5,2,"For better accuracy, we’ve used dimensions from B00HUC4X7C to provide more precise estimates,3 or less sellers","9.25, 7.28, 5.71 in, 6.61 lbs",9.25,7.28,5.71,6.61,N/A,Computer
"05/07/2025, 01:39 AM PDT","05/07/2025, 04:39 AM EDT","05/07/2025, 03:39 AM CDT","05/07/2025, 01:39 AM PDT","Candy Envy Light Pink Rock Candy Sugar Sticks, Cherry Flavor, 12 Ct. Individually Wrapped",3517021822,810000164356,12,3,Candy Envy,Grocery,Rock Candy,N/A,N/A,N/A,https://i5.walmartimages.com/seo/Candy-Envy-Light-Pink-Rock-Candy-Sugar-Sticks-Cherry-Flavor-12-Ct-Individually-Wrapped_6a9e594f-4c9f-471a-93bb-427211367c06.7c87f9b06d8a4d278bcfc7de94a3d327.jpeg,,N/A,https://www.walmart.com/ip/3517021822,5.16,https://www.amazon.com/dp/B0C2ZXFGMM,https://www.amazon.com/s?k=Candy%20Envy%20Light%20Pink%20Rock%20Candy%20Sugar%20Sticks%2C%20Cherry%20Flavor%2C%2012%20Ct.%20Individually%20Wrapped,https://www.ebay.com/sch/i.html?_nkw=Candy%20Envy%20Light%20Pink%20Rock%20Candy%20Sugar%20Sticks%2C%20Cherry%20Flavor%2C%2012%20Ct.%20Individually%20Wrapped,https://www.google.com/search?q=Candy%20Envy%20Light%20Pink%20Rock%20Candy%20Sugar%20Sticks%2C%20Cherry%20Flavor%2C%2012%20Ct.%20Individually%20Wrapped,https://seller.walmart.com/catalog/add-items?search=3517021822,N/A,yes,no,no,1,0,1,2201,Candy Envy,mfn,$16.00,2201,$16.00,$16.00,16,5.16,4.76,29.76 %,92.29 %,0.00,7.94,1,$14.99,50+ units sold this month on Amazon,$6.08,$3.45,0,$2.40,15.00%,$0.03,1,$0.20,$0.30 /lb,$0.20,$0.00,$0.00,$0.00,$0.00,0,$0.00,,0,"The listing has 3 variations,Pulling package information from B0C2ZXFGMM via amazon.com,3 or less sellers","7.48, 5.43, 1.69 in, 0.66 lbs",7.48,5.43,1.69,0.66,N/A,Computer
"04/29/2025, 11:53 PM PDT","04/30/2025, 02:53 AM EDT","04/30/2025, 01:53 AM CDT","04/29/2025, 11:53 PM PDT","Kracie Popin Cookin Bento delightful Play Food, 1 oz",610633251,710702492781,BENTO,3,Kracie,Toys & Games,Play Food,kracie,N/A,N/A,https://i5.walmartimages.com/seo/Kracie-Popin-Cookin-Bento-DIY-Candy_e2a1507d-0437-4964-bcf6-7199d7d6546b.70e4bef65da88760580fb16fdc5e5e83.jpeg,,N/A,https://www.walmart.com/ip/610633251,3.59,N/A,https://www.amazon.com/s?k=Kracie%20Popin%20Cookin%20Bento%20delightful%20Play%20Food%2C%201%20oz,https://www.ebay.com/sch/i.html?_nkw=Kracie%20Popin%20Cookin%20Bento%20delightful%20Play%20Food%2C%201%20oz,https://www.google.com/search?q=Kracie%20Popin%20Cookin%20Bento%20delightful%20Play%20Food%2C%201%20oz,https://seller.walmart.com/catalog/add-items?search=610633251,N/A,no,no,no,3,1,2,1014,SJK Enterprises LLC,wfs,$13.93,5,$11.99,$15.97,13.93,3.59,4.73,33.95 %,131.74 %,9.45,6.66,1,NA,N/A,$5.61,$3.45,0,$2.09,15.00%,$0.03,1,$0.04,$0.30 /lb,$0.04,$0.00,$0.00,$0.00,$0.00,0,$0.00,,0,"The listing has 3 variations,For better accuracy, we’ve used dimensions from B078LRXY9J to provide more precise estimates,3 or less sellers","5.75, 5.20, 2.01 in, 0.15 lbs",5.75,5.20,2.01,0.15,N/A,Computer
"04/30/2025, 03:41 AM PDT","04/30/2025, 06:41 AM EDT","04/30/2025, 05:41 AM CDT","04/30/2025, 03:41 AM PDT","Gem Gem Ginger Candy Chewy Ginger Chews Mango, 6.5oz, Pack of 1",480197054,857281004209,"Mango, 6.5 Ounce Pack of 1, Single",11,Gem Gem,Grocery,Chewy Candy,N/A,N/A,N/A,https://i5.walmartimages.com/seo/Gem-Gem-Ginger-Candy-Chewy-Ginger-Chews-Mango-6-5oz-Pack-of-1_72453ad3-3b0b-4a47-a717-48045988e922.a179f2fc188a9cbdfbf3adcabc67ed33.jpeg,,N/A,https://www.walmart.com/ip/480197054,1.12,https://www.amazon.com/dp/B07N7DWB32,https://www.amazon.com/s?k=Gem%20Gem%20Ginger%20Candy%20Chewy%20Ginger%20Chews%20Mango%2C%206.5oz%2C%20Pack%20of%201,https://www.ebay.com/sch/i.html?_nkw=Gem%20Gem%20Ginger%20Candy%20Chewy%20Ginger%20Chews%20Mango%2C%206.5oz%2C%20Pack%20of%201,https://www.google.com/search?q=Gem%20Gem%20Ginger%20Candy%20Chewy%20Ginger%20Chews%20Mango%2C%206.5oz%2C%20Pack%20of%201,https://seller.walmart.com/catalog/add-items?search=480197054,N/A,no,no,no,1,0,1,9,Ritualive LLC,mfn,$10.19,9,$10.19,$10.19,10.19,1.12,4.68,45.91 %,417.68 %,6.10,4.64,1,$9.99,N/A,$4.39,$3.45,0,$0.82,8.00%,$0.01,1,$0.12,$0.30 /lb,$0.12,$0.00,$0.00,$0.00,$0.00,0,$0.00,4.4,102,"The listing has 11 variations,Pulling package information from B07N7DWB32 via amazon.com,3 or less sellers","4.02, 2.99, 1.30 in, 0.40 lbs",4.02,2.99,1.30,0.40,N/A,Computer
"04/30/2025, 06:32 AM PDT","04/30/2025, 09:32 AM EDT","04/30/2025, 08:32 AM CDT","04/30/2025, 06:32 AM PDT","Lindt CLASSIC RECIPE OatMilk Salted Caramel Non-Dairy Chocolate Candy Bar, 3.5 oz, Bar",285822351,9542438692,N/A,N/A,Lindt,Grocery,Candy Bars & Miniatures,N/A,N/A,N/A,https://i5.walmartimages.com/seo/Lindt-CLASSIC-RECIPE-OatMilk-Salted-Caramel-Non-Dairy-Chocolate-Candy-Bar-3-5-oz-Bar_1c4e0eed-9d20-4cda-9278-89812d9f5bdd.6166bdf24a72a56d669a8612706e4a62.jpeg,,N/A,https://www.walmart.com/ip/285822351,5.73,https://www.amazon.com/dp/B0DKDTTC33,https://www.amazon.com/s?k=Lindt%20CLASSIC%20RECIPE%20OatMilk%20Salted%20Caramel%20Non-Dairy%20Chocolate%20Candy%20Bar%2C%203.5%20oz%2C%20Bar,https://www.ebay.com/sch/i.html?_nkw=Lindt%20CLASSIC%20RECIPE%20OatMilk%20Salted%20Caramel%20Non-Dairy%20Chocolate%20Candy%20Bar%2C%203.5%20oz%2C%20Bar,https://www.google.com/search?q=Lindt%20CLASSIC%20RECIPE%20OatMilk%20Salted%20Caramel%20Non-Dairy%20Chocolate%20Candy%20Bar%2C%203.5%20oz%2C%20Bar,https://seller.walmart.com/catalog/add-items?search=285822351,N/A,no,no,no,1,0,1,7,Atikka LLC,mfn,$14.98,7,$14.98,$14.98,14.98,5.73,4.53,30.25 %,79.09 %,10.00,8.21,1,$36.50,N/A,$4.72,$3.45,0,$1.20,8.00%,$0.00,1,$0.07,$0.30 /lb,$0.07,$0.00,$0.00,$0.00,$0.00,0,$0.00,4.3,75,3 or less sellers,"0.32, 3.50, 7.60 in, 0.22 lbs",0.32,3.50,7.60,0.22,N/A,Computer
"05/01/2025, 03:47 AM PDT","05/01/2025, 06:47 AM EDT","05/01/2025, 05:47 AM CDT","05/01/2025, 03:47 AM PDT","Foreign Candy Aftershocks Watermelon Popping Candy Minis, 0.33 Ounce Packs - 24 Count Display Box",15099272853,610260346604,N/A,N/A,Generic,Grocery,Fruit Flavored Candy,N/A,N/A,N/A,https://i5.walmartimages.com/seo/Foreign-Candy-Aftershocks-Watermelon-Popping-Candy-Minis-0-33-Ounce-Packs-24-Count-Display-Box_c868b2b8-86a3-4dd8-9be8-7ca2e1e0ad42.0c210418bc2228aa9daaa0bf4d318c9d.jpeg,,N/A,https://www.walmart.com/ip/15099272853,21.6,N/A,https://www.amazon.com/s?k=Foreign%20Candy%20Aftershocks%20Watermelon%20Popping%20Candy%20Minis%2C%200.33%20Ounce%20Packs%20-%2024%20Count%20Display%20Box,https://www.ebay.com/sch/i.html?_nkw=Foreign%20Candy%20Aftershocks%20Watermelon%20Popping%20Candy%20Minis%2C%200.33%20Ounce%20Packs%20-%2024%20Count%20Display%20Box,https://www.google.com/search?q=Foreign%20Candy%20Aftershocks%20Watermelon%20Popping%20Candy%20Minis%2C%200.33%20Ounce%20Packs%20-%2024%20Count%20Display%20Box,https://seller.walmart.com/catalog/add-items?search=15099272853,N/A,no,no,no,1,0,1,10,MnM LLC,mfn,$34.99,10,$34.99,$34.99,34.99,21.6,4.45,12.73 %,20.62 %,29.65,20.84,1,NA,N/A,$8.94,$3.45,0,$5.25,15.00%,$0.04,1,$0.20,$0.30 /lb,$0.20,$0.00,$0.00,$0.00,$0.00,0,$0.00,,0,"For better accuracy, we’ve used dimensions from B09MDNCR6Q to provide more precise estimates,3 or less sellers","5.87, 4.72, 3.27 in, 0.66 lbs",5.87,4.72,3.27,0.66,N/A,Computer
"05/03/2025, 03:36 AM PDT","05/03/2025, 06:36 AM EDT","05/03/2025, 05:36 AM CDT","05/03/2025, 03:36 AM PDT",Jelly Belly Christmas Jewel Mix 3.5oz Pack of 3,7451072032,850056958950,N/A,N/A,Jelly Belly,Grocery,Jelly Beans,N/A,N/A,N/A,https://i5.walmartimages.com/seo/Jelly-Belly-Christmas-Jewel-Mix-3-5oz-Pack-of-3_e69b5061-ded0-40fd-8abb-563eccf94742.3c58d2a2aaabdce92c767a6ea85dbbae.jpeg,,N/A,https://www.walmart.com/ip/7451072032,6.03,https://www.amazon.com/dp/B0CM4WF6C8,https://www.amazon.com/s?k=Jelly%20Belly%20Christmas%20Jewel%20Mix%203.5oz%20Pack%20of%203,https://www.ebay.com/sch/i.html?_nkw=Jelly%20Belly%20Christmas%20Jewel%20Mix%203.5oz%20Pack%20of%203,https://www.google.com/search?q=Jelly%20Belly%20Christmas%20Jewel%20Mix%203.5oz%20Pack%20of%203,https://seller.walmart.com/catalog/add-items?search=7451072032,N/A,no,yes,no,1,0,1,35,Inspired Candy,mfn,$16.68,35,$16.68,$16.68,16.68,6.03,4.45,26.67 %,73.77 %,10.50,8.38,1,$7.99,N/A,$6.20,$3.45,0,$2.50,15.00%,$0.03,1,$0.22,$0.30 /lb,$0.22,$0.00,$0.00,$0.00,$0.00,0,$0.00,,0,"Pulling package information from B0CM4WF6C8 via amazon.com,3 or less sellers","6.50, 5.51, 1.97 in, 0.73 lbs",6.50,5.51,1.97,0.73,N/A,Computer
"05/05/2025, 04:51 AM PDT","05/05/2025, 07:51 AM EDT","05/05/2025, 06:51 AM CDT","05/05/2025, 04:51 AM PDT",KIDSMANIA LASER POP PROJECTOR CANDY 0.71 oz Each ( 12 in a Pack ),645261131,657789560364,N/A,N/A,Kidsmania,Grocery,Hard Candy,N/A,N/A,N/A,https://i5.walmartimages.com/seo/KIDSMANIA-LASER-POP-PROJECTOR-CANDY-0-71-oz-Each-12-in-a-Pack_8c0de4be-12c8-4486-8210-728291ae2958_1.5d8df288fc0a484883cc344d91632ea2.jpeg,,N/A,https://www.walmart.com/ip/645261131,15.24,N/A,https://www.amazon.com/s?k=KIDSMANIA%20LASER%20POP%20PROJECTOR%20CANDY%200.71%20oz%20Each%20(%2012%20in%20a%20Pack%20),https://www.ebay.com/sch/i.html?_nkw=KIDSMANIA%20LASER%20POP%20PROJECTOR%20CANDY%200.71%20oz%20Each%20(%2012%20in%20a%20Pack%20),https://www.google.com/search?q=KIDSMANIA%20LASER%20POP%20PROJECTOR%20CANDY%200.71%20oz%20Each%20(%2012%20in%20a%20Pack%20),https://seller.walmart.com/catalog/add-items?search=645261131,N/A,no,no,no,2,0,2,55,Grab Deals LLC,mfn,$30.17,30,$30.15,$30.17,30.17,15.24,4.36,14.45 %,28.61 %,24.95,15.68,1,NA,N/A,$10.57,$5.45,0,$4.53,15.00%,$0.06,1,$0.54,$0.30 /lb,$0.54,$0.00,$0.00,$0.00,$0.00,0,$0.00,,0,"For better accuracy, we’ve used dimensions from B003A0Y9AY to provide more precise estimates,3 or less sellers","5.75, 5.39, 4.29 in, 1.79 lbs",5.75,5.39,4.29,1.79,N/A,Computer
"05/02/2025, 04:13 AM PDT","05/02/2025, 07:13 AM EDT","05/02/2025, 06:13 AM CDT","05/02/2025, 04:13 AM PDT",Fun Sweets Watermelon Cotton Candy 1.5 oz plastic cup airtight seal 6 pcs,862076960,657789579755,N/A,N/A,Fun Sweets,Grocery,Cotton Candy,N/A,N/A,N/A,https://i5.walmartimages.com/seo/Fun-Sweets-Watermelon-Cotton-Candy-1-5-oz-plastic-cup-airtight-seal-6-pcs_1979eb34-37d4-4aed-b859-b9996ae36583.40ce10d0f0d3c7850c121290dd6f548c.jpeg,,N/A,https://www.walmart.com/ip/862076960,9.84,https://www.amazon.com/dp/B072R4C5ZR,https://www.amazon.com/s?k=Fun%20Sweets%20Watermelon%20Cotton%20Candy%201.5%20oz%20plastic%20cup%20airtight%20seal%206%20pcs,https://www.ebay.com/sch/i.html?_nkw=Fun%20Sweets%20Watermelon%20Cotton%20Candy%201.5%20oz%20plastic%20cup%20airtight%20seal%206%20pcs,https://www.google.com/search?q=Fun%20Sweets%20Watermelon%20Cotton%20Candy%201.5%20oz%20plastic%20cup%20airtight%20seal%206%20pcs,https://seller.walmart.com/catalog/add-items?search=862076960,N/A,no,no,no,1,0,1,19,Grab Deals LLC,mfn,$20.99,19,$20.99,$20.99,20.99,9.84,4.35,20.73 %,44.21 %,14.60,11.35,1,OOS,N/A,$6.80,$3.45,0,$3.15,15.00%,$0.06,1,$0.14,$0.30 /lb,$0.14,$0.00,$0.00,$0.00,$0.00,0,$0.00,,0,"Pulling package information from B072R4C5ZR via amazon.com,3 or less sellers","9.02, 4.02, 4.02 in, 0.46 lbs",9.02,4.02,4.02,0.46,N/A,Computer
"05/06/2025, 12:35 AM PDT","05/06/2025, 03:35 AM EDT","05/06/2025, 02:35 AM CDT","05/06/2025, 12:35 AM PDT","3 pack Kidsmania Ooze Tubes! Oozing Delicious Flavors - Blue Raspberry, Cherry, Green Apple! 4oz each",934921418,630194026328,N/A,N/A,Kidsmania,Grocery,Sour Candy,N/A,N/A,N/A,https://i5.walmartimages.com/seo/3-pack-Kidsmania-Ooze-Tubes-Oozing-Delicious-Flavors-Blue-Raspberry-Cherry-Green-Apple-4oz-each_603eafdd-4b0f-46bd-807d-886158326142.ccd64b47dae327e83e4795eee020c8c1.png,,N/A,https://www.walmart.com/ip/934921418,3.81,N/A,https://www.amazon.com/s?k=3%20pack%20Kidsmania%20Ooze%20Tubes!%20Oozing%20Delicious%20Flavors%20-%20Blue%20Raspberry%2C%20Cherry%2C%20Green%20Apple!%204oz%20each,https://www.ebay.com/sch/i.html?_nkw=3%20pack%20Kidsmania%20Ooze%20Tubes!%20Oozing%20Delicious%20Flavors%20-%20Blue%20Raspberry%2C%20Cherry%2C%20Green%20Apple!%204oz%20each,https://www.google.com/search?q=3%20pack%20Kidsmania%20Ooze%20Tubes!%20Oozing%20Delicious%20Flavors%20-%20Blue%20Raspberry%2C%20Cherry%2C%20Green%20Apple!%204oz%20each,https://seller.walmart.com/catalog/add-items?search=934921418,N/A,no,no,no,2,0,2,33,Valyou General,mfn,$15.74,24,$15.74,$24.99,15.74,3.81,4.32,27.46 %,113.45 %,0.00,6.51,1,NA,N/A,$7.61,$4.95,0,$2.36,15.00%,$0.04,1,$0.26,$0.30 /lb,$0.26,$0.00,$0.00,$0.00,$0.00,0,$0.00,3.2,5,"For better accuracy, we’ve used dimensions from B0D4VX2N1T to provide more precise estimates,3 or less sellers","8.03, 6.61, 1.54 in, 0.87 lbs",8.03,6.61,1.54,0.87,N/A,Computer
"04/30/2025, 01:01 AM PDT","04/30/2025, 04:01 AM EDT","04/30/2025, 03:01 AM CDT","04/30/2025, 01:01 AM PDT","Sangaria Ramune Grape, 6.76 Fluid Ounce (Pack of 6)",1533387376,366869649546,N/A,N/A,Eveline Cosmetics,Grocery,Soda Pop,N/A,N/A,N/A,https://i5.walmartimages.com/seo/Sangaria-Ramune-Grape-6-76-Fluid-Ounce-Pack-of-6_b6dff54d-c94f-436f-8b5c-0d35a5e4cbf2.be9e2ca150fb1aedb8dbe118bbd7ea82.jpeg,,N/A,https://www.walmart.com/ip/1533387376,10.68,N/A,https://www.amazon.com/s?k=Sangaria%20Ramune%20Grape%2C%206.76%20Fluid%20Ounce%20(Pack%20of%206),https://www.ebay.com/sch/i.html?_nkw=Sangaria%20Ramune%20Grape%2C%206.76%20Fluid%20Ounce%20(Pack%20of%206),https://www.google.com/search?q=Sangaria%20Ramune%20Grape%2C%206.76%20Fluid%20Ounce%20(Pack%20of%206),https://seller.walmart.com/catalog/add-items?search=1533387376,N/A,no,no,no,1,0,1,44,Crazy Soda Pop,mfn,$28.99,44,$28.99,$28.99,28.99,10.68,4.28,14.77 %,40.08 %,23.85,11.97,1,NA,N/A,$14.03,$7.35,0,$4.35,15.00%,$0.17,1,$2.16,$0.30 /lb,$2.16,$0.00,$0.00,$0.00,$0.00,0,$0.00,,0,"For better accuracy, we’ve used dimensions from B00874JVBA to provide more precise estimates,3 or less sellers","10.51, 7.48, 4.92 in, 7.21 lbs",10.51,7.48,4.92,7.21,N/A,Computer
"04/30/2025, 03:34 AM PDT","04/30/2025, 06:34 AM EDT","04/30/2025, 05:34 AM CDT","04/30/2025, 03:34 AM PDT",Milk Chocolate Peanut Butter Cups (3 Pack),10431869679,810161100620,N/A,N/A,ChocoRite,Grocery,Chocolate Candy,N/A,N/A,N/A,https://i5.walmartimages.com/seo/Milk-Chocolate-Peanut-Butter-Cups-3-Pack_d8bf80c4-824e-4d9a-8766-595adf316345.a08daceeae31a66ded242284ee99836f.jpeg,,N/A,https://www.walmart.com/ip/10431869679,12.57,N/A,https://www.amazon.com/s?k=Milk%20Chocolate%20Peanut%20Butter%20Cups%20(3%20Pack),https://www.ebay.com/sch/i.html?_nkw=Milk%20Chocolate%20Peanut%20Butter%20Cups%20(3%20Pack),https://www.google.com/search?q=Milk%20Chocolate%20Peanut%20Butter%20Cups%20(3%20Pack),https://seller.walmart.com/catalog/add-items?search=10431869679,N/A,no,no,no,1,0,1,991,HEALTHSMART FOODS INC,mfn,$23.96,991,$23.96,$23.96,23.96,12.57,4.24,17.68 %,33.70 %,18.90,13.44,1,NA,N/A,$7.15,$3.45,0,$3.59,15.00%,$0.02,1,$0.09,$0.30 /lb,$0.09,$0.00,$0.00,$0.00,$0.00,0,$0.00,,0,"For better accuracy, we’ve used dimensions from B08NC4WYVW to provide more precise estimates,3 or less sellers","6.65, 2.80, 2.09 in, 0.31 lbs",6.65,2.80,2.09,0.31,N/A,Computer
"05/02/2025, 12:45 AM PDT","05/02/2025, 03:45 AM EDT","05/02/2025, 02:45 AM CDT","05/02/2025, 12:45 AM PDT","Koko's Fast Burger Dip-N-Lik, Lollipop with Candy Powder, 0.74 Ounces - 12 Count Display Box",2268120150,632365626658,"Blue Raspberry & Strawberry., 12 Pack",4,Dip-N-Lik,Toys & Games,Play Food,Koko's,N/A,N/A,https://i5.walmartimages.com/seo/Koko-s-Fast-Burger-Dip-N-Lik-Lollipop-with-Candy-Powder-0-74-Ounces-12-Count-Display-Box_b6b505f7-bfcd-4a22-98a5-f97c1ed62c2a.43db3f310c25021a39ba26100d7a3f84.jpeg,,N/A,https://www.walmart.com/ip/2268120150,17.64,N/A,https://www.amazon.com/s?k=Koko's%20Fast%20Burger%20Dip-N-Lik%2C%20Lollipop%20with%20Candy%20Powder%2C%200.74%20Ounces%20-%2012%20Count%20Display%20Box,https://www.ebay.com/sch/i.html?_nkw=Koko's%20Fast%20Burger%20Dip-N-Lik%2C%20Lollipop%20with%20Candy%20Powder%2C%200.74%20Ounces%20-%2012%20Count%20Display%20Box,https://www.google.com/search?q=Koko's%20Fast%20Burger%20Dip-N-Lik%2C%20Lollipop%20with%20Candy%20Powder%2C%200.74%20Ounces%20-%2012%20Count%20Display%20Box,https://seller.walmart.com/catalog/add-items?search=2268120150,N/A,no,no,no,2,1,1,5,June Street Market,wfs,$32.95,2,$32.95,$35.97,32.95,17.64,4.22,12.80 %,23.91 %,27.90,17.49,1,NA,N/A,$11.09,$5.45,0,$4.94,15.00%,$0.14,1,$0.56,$0.30 /lb,$0.56,$0.00,$0.00,$0.00,$0.00,0,$0.00,,0,"The listing has 4 variations,For better accuracy, we’ve used dimensions from B08GTSG7MR to provide more precise estimates,3 or less sellers","9.25, 6.81, 5.28 in, 1.85 lbs",9.25,6.81,5.28,1.85,N/A,Computer
"05/02/2025, 12:36 AM PDT","05/02/2025, 03:36 AM EDT","05/02/2025, 02:36 AM CDT","05/02/2025, 12:36 AM PDT",Dinosaur Spray Candy,958927558,632365625873,N/A,N/A,Koko's,Grocery,Fruit Flavored Candy,N/A,N/A,62588,https://i5.walmartimages.com/seo/Dinosaur-Spray-Candy_1f40c4e0-8f8f-4114-97a1-152e04cab3d1_2.f02e74c11dc8bbc545f48f65810b7305.jpeg,,N/A,https://www.walmart.com/ip/958927558,21,https://www.amazon.com/dp/B076HWXR62,https://www.amazon.com/s?k=Dinosaur%20Spray%20Candy,https://www.ebay.com/sch/i.html?_nkw=Dinosaur%20Spray%20Candy,https://www.google.com/search?q=Dinosaur%20Spray%20Candy,https://seller.walmart.com/catalog/add-items?search=958927558,N/A,no,no,no,3,0,3,27,"A & A Global Industries, Inc.",mfn,$37.22,20,$36.18,$42.50,37.22,21,4.2,11.28 %,19.99 %,32.20,20.16,1,$29.99,N/A,$12.02,$5.75,0,$5.58,15.00%,$0.21,1,$0.48,$0.30 /lb,$0.48,$0.00,$0.00,$0.00,$0.00,0,$0.00,,0,"Pulling package information from B076HWXR62 via amazon.com,3 or less sellers","10.43, 8.39, 5.43 in, 1.61 lbs",10.43,8.39,5.43,1.61,N/A,Computer
"05/02/2025, 12:01 AM PDT","05/02/2025, 03:01 AM EDT","05/02/2025, 02:01 AM CDT","05/02/2025, 12:01 AM PDT",Ice Cream Twist-N-Lik Candy,909147293,632365102671,N/A,N/A,Koko's,Grocery,Hard Candy,N/A,N/A,10266,https://i5.walmartimages.com/seo/Ice-Cream-Twist-N-Lik-Candy_b13d6c32-0258-4562-ae7d-f6e9e914248e.7bd43b178f29b7798c1465013371aeea.jpeg,,N/A,https://www.walmart.com/ip/909147293,14.28,https://www.amazon.com/dp/B075RGHX9F,https://www.amazon.com/s?k=Ice%20Cream%20Twist-N-Lik%20Candy,https://www.ebay.com/sch/i.html?_nkw=Ice%20Cream%20Twist-N-Lik%20Candy,https://www.google.com/search?q=Ice%20Cream%20Twist-N-Lik%20Candy,https://seller.walmart.com/catalog/add-items?search=909147293,N/A,no,no,no,3,0,3,39,Grab Deals LLC,mfn,$28.24,29,$28.24,$32.75,28.24,14.28,4.15,14.69 %,29.04 %,23.25,14.74,1,$34.54,N/A,$9.81,$4.95,0,$4.24,15.00%,$0.10,1,$0.52,$0.30 /lb,$0.52,$0.00,$0.00,$0.00,$0.00,0,$0.00,,0,"Pulling package information from B075RGHX9F via amazon.com,3 or less sellers","7.83, 6.30, 4.88 in, 1.74 lbs",7.83,6.30,4.88,1.74,N/A,Computer
"04/30/2025, 03:29 AM PDT","04/30/2025, 06:29 AM EDT","04/30/2025, 05:29 AM CDT","04/30/2025, 03:29 AM PDT",Dark Chocolate Peanut Butter Cups (3 Pack),10440113400,810161100644,N/A,N/A,ChocoRite,Grocery,Chocolate Candy,N/A,N/A,N/A,https://i5.walmartimages.com/seo/Dark-Chocolate-Peanut-Butter-Cups-3-Pack_502c67d2-b277-4c71-902d-2dea5bde54df.1f773dab2391535a6e904a4dca1fedc1.jpeg,,N/A,https://www.walmart.com/ip/10440113400,12.57,N/A,https://www.amazon.com/s?k=Dark%20Chocolate%20Peanut%20Butter%20Cups%20(3%20Pack),https://www.ebay.com/sch/i.html?_nkw=Dark%20Chocolate%20Peanut%20Butter%20Cups%20(3%20Pack),https://www.google.com/search?q=Dark%20Chocolate%20Peanut%20Butter%20Cups%20(3%20Pack),https://seller.walmart.com/catalog/add-items?search=10440113400,N/A,no,no,no,1,0,1,985,HEALTHSMART FOODS INC,mfn,$23.96,985,$23.96,$23.96,23.96,12.57,4.1,17.10 %,32.59 %,19.05,13.33,1,NA,N/A,$7.29,$3.45,0,$3.59,15.00%,$0.03,1,$0.22,$0.30 /lb,$0.22,$0.00,$0.00,$0.00,$0.00,0,$0.00,,0,"For better accuracy, we’ve used dimensions from B007UQDU68 to provide more precise estimates,3 or less sellers","6.26, 4.53, 2.48 in, 0.73 lbs",6.26,4.53,2.48,0.73,N/A,Computer
"04/30/2025, 03:32 AM PDT","04/30/2025, 06:32 AM EDT","04/30/2025, 05:32 AM CDT","04/30/2025, 03:32 AM PDT",ChocoRite Milk Chocolate Coconut Almond (3 Pack) Premium No Sugar Added Chocolates,10406472603,810161100613,N/A,N/A,ChocoRite,Grocery,Chocolate Candy,N/A,N/A,N/A,https://i5.walmartimages.com/seo/ChocoRite-Milk-Chocolate-Coconut-Almond-3-Pack-Premium-No-Sugar-Added-Chocolates_25ec0249-41bc-47b4-a574-19f209580eb7.fe7bca8d56b12c079099b83d842e5842.jpeg,,N/A,https://www.walmart.com/ip/10406472603,12.57,https://www.amazon.com/dp/B0D7F632KV,https://www.amazon.com/s?k=ChocoRite%20Milk%20Chocolate%20Coconut%20Almond%20(3%20Pack)%20Premium%20No%20Sugar%20Added%20Chocolates,https://www.ebay.com/sch/i.html?_nkw=ChocoRite%20Milk%20Chocolate%20Coconut%20Almond%20(3%20Pack)%20Premium%20No%20Sugar%20Added%20Chocolates,https://www.google.com/search?q=ChocoRite%20Milk%20Chocolate%20Coconut%20Almond%20(3%20Pack)%20Premium%20No%20Sugar%20Added%20Chocolates,https://seller.walmart.com/catalog/add-items?search=10406472603,N/A,no,no,no,1,0,1,993,HEALTHSMART FOODS INC,mfn,$23.96,993,$23.96,$23.96,23.96,12.57,4.09,17.08 %,32.56 %,19.05,13.33,1,$35.00,N/A,$7.30,$3.45,0,$3.59,15.00%,$0.03,1,$0.22,$0.30 /lb,$0.22,$0.00,$0.00,$0.00,$0.00,0,$0.00,,0,"For better accuracy, we’ve used dimensions from B07Z34F521 to provide more precise estimates,3 or less sellers","8.07, 5.59, 1.77 in, 0.73 lbs",8.07,5.59,1.77,0.73,N/A,Computer
"05/02/2025, 03:33 AM PDT","05/02/2025, 06:33 AM EDT","05/02/2025, 05:33 AM CDT","05/02/2025, 03:33 AM PDT","E.frutti Gummi Cupcakes, .28-Ounce (Pack of 60), 16.8 oz (480 g) APPROX 60*0.28 oz (8 g) PIECES",3579057160,791115535432,60,1,efrutti,Grocery,Gummy Candy,N/A,N/A,N/A,https://i5.walmartimages.com/seo/E-frutti-Gummi-Cupcakes-28-Ounce-Pack-of-60-16-8-oz-480-g-APPROX-60-0-28-oz-8-g-PIECES_c6726104-e697-484f-91f0-080389d1a62f.2bad1bc660a5e4baa4ffefc901a22f72.jpeg,,N/A,https://www.walmart.com/ip/3579057160,10.2,N/A,https://www.amazon.com/s?k=E.frutti%20Gummi%20Cupcakes%2C%20.28-Ounce%20(Pack%20of%2060)%2C%2016.8%20oz%20(480%20g)%20APPROX%2060*0.28%20oz%20(8%20g)%20PIECES,https://www.ebay.com/sch/i.html?_nkw=E.frutti%20Gummi%20Cupcakes%2C%20.28-Ounce%20(Pack%20of%2060)%2C%2016.8%20oz%20(480%20g)%20APPROX%2060*0.28%20oz%20(8%20g)%20PIECES,https://www.google.com/search?q=E.frutti%20Gummi%20Cupcakes%2C%20.28-Ounce%20(Pack%20of%2060)%2C%2016.8%20oz%20(480%20g)%20APPROX%2060*0.28%20oz%20(8%20g)%20PIECES,https://seller.walmart.com/catalog/add-items?search=3579057160,N/A,no,no,no,2,0,2,12,Grab Deals LLC,mfn,$23.98,10,$23.98,$24.56,23.98,10.2,4.06,16.94 %,39.83 %,19.10,11.41,1,NA,N/A,$9.72,$5.45,0,$3.60,15.00%,$0.10,1,$0.57,$0.30 /lb,$0.57,$0.00,$0.00,$0.00,$0.00,0,$0.00,,0,"For better accuracy, we’ve used dimensions from B06XX2FDYJ to provide more precise estimates,3 or less sellers","8.90, 6.38, 4.09 in, 1.90 lbs",8.90,6.38,4.09,1.90,N/A,Computer
"05/06/2025, 12:27 AM PDT","05/06/2025, 03:27 AM EDT","05/06/2025, 02:27 AM CDT","05/06/2025, 12:27 AM PDT","Nik-L-Nip Mini Drinks Candy, 8 Count, Pack of 3",10331209005,0,N/A,N/A,Nik-L-Nip,Grocery,Soda Pop,N/A,N/A,N/A,https://i5.walmartimages.com/seo/Nik-L-Nip-Mini-Drinks-Candy-8-Count-Pack-of-3_766025a1-95cb-473b-9505-338142ed3a43.0a0745c058ad0a19801d8ce692a4512f.jpeg,,N/A,https://www.walmart.com/ip/10331209005,5.22,https://www.amazon.com/dp/undefined,https://www.amazon.com/s?k=Nik-L-Nip%20Mini%20Drinks%20Candy%2C%208%20Count%2C%20Pack%20of%203,https://www.ebay.com/sch/i.html?_nkw=Nik-L-Nip%20Mini%20Drinks%20Candy%2C%208%20Count%2C%20Pack%20of%203,https://www.google.com/search?q=Nik-L-Nip%20Mini%20Drinks%20Candy%2C%208%20Count%2C%20Pack%20of%203,https://seller.walmart.com/catalog/add-items?search=10331209005,N/A,no,no,no,2,1,1,174,GF Dist.,wfs,$13.99,79,$13.99,$15.99,13.99,5.22,3.99,28.50 %,76.37 %,0.00,7.37,1,,N/A,$4.78,$3.45,0,$1.12,8.00%,$0.04,1,$0.17,$0.30 /lb,$0.17,$0.00,$0.00,$0.00,$0.00,0,$0.00,,0,"For better accuracy, we’ve used dimensions from B08957WSHH to provide more precise estimates,3 or less sellers","8.66, 4.29, 2.68 in, 0.57 lbs",8.66,4.29,2.68,0.57,N/A,Computer
"04/29/2025, 11:44 PM PDT","04/30/2025, 02:44 AM EDT","04/30/2025, 01:44 AM CDT","04/29/2025, 11:44 PM PDT","Glico Pocky Chocolate Almond Crush Covered Biscuit Sticks, 1.45 oz",47333674,73141152310,N/A,N/A,Glico,Grocery,Chocolate Covered Snacks,N/A,N/A,29562,https://i5.walmartimages.com/seo/Glico-Pocky-Chocolate-Almond-Crush-Covered-Biscuit-Sticks-1-45-oz_6df02ea4-c653-4125-b043-428b35da063f.da5f2fccf928848e63805af542f995df.jpeg,,N/A,https://www.walmart.com/ip/47333674,2.15,https://www.amazon.com/dp/B00G9TZ6PK,https://www.amazon.com/s?k=Glico%20Pocky%20Chocolate%20Almond%20Crush%20Covered%20Biscuit%20Sticks%2C%201.45%20oz,https://www.ebay.com/sch/i.html?_nkw=Glico%20Pocky%20Chocolate%20Almond%20Crush%20Covered%20Biscuit%20Sticks%2C%201.45%20oz,https://www.google.com/search?q=Glico%20Pocky%20Chocolate%20Almond%20Crush%20Covered%20Biscuit%20Sticks%2C%201.45%20oz,https://seller.walmart.com/catalog/add-items?search=47333674,N/A,yes,no,no,1,0,1,50,Iruna Emporium,mfn,$10.49,50,$10.49,$10.49,10.49,2.15,3.98,37.95 %,185.16 %,7.15,4.90,1,$-0.04,N/A,$4.36,$3.45,0,$0.84,8.00%,$0.01,1,$0.06,$0.30 /lb,$0.06,$0.00,$0.00,$0.00,$0.00,0,$0.00,,0,"For better accuracy, we’ve used dimensions from B003V3WP3I to provide more precise estimates,3 or less sellers","6.42, 3.58, 0.98 in, 0.20 lbs",6.42,3.58,0.98,0.20,N/A,Computer
"04/29/2025, 12:32 AM PDT","04/29/2025, 03:32 AM EDT","04/29/2025, 02:32 AM CDT","04/29/2025, 12:32 AM PDT","Chimes Ginger Chews, Meyer Lemon Flavor, 3.5 oz (100 g)",332152405,51299111038,N/A,N/A,Chimes,Grocery,Chewy Candy,N/A,N/A,N/A,https://i5.walmartimages.com/seo/Chimes-Ginger-Chews-Meyer-Lemon-Flavor-3-5-oz-100-g_b1589be4-0265-4e21-aca8-5edc20d41673.5b5d51491ba36b78029d56805b74f2d5.jpeg,,N/A,https://www.walmart.com/ip/332152405,3.48,https://www.amazon.com/dp/B0DMT8QXJF,https://www.amazon.com/s?k=Chimes%20Ginger%20Chews%2C%20Meyer%20Lemon%20Flavor%2C%203.5%20oz%20(100%20g),https://www.ebay.com/sch/i.html?_nkw=Chimes%20Ginger%20Chews%2C%20Meyer%20Lemon%20Flavor%2C%203.5%20oz%20(100%20g),https://www.google.com/search?q=Chimes%20Ginger%20Chews%2C%20Meyer%20Lemon%20Flavor%2C%203.5%20oz%20(100%20g),https://seller.walmart.com/catalog/add-items?search=332152405,N/A,no,no,no,0,0,0,0,N/A,N/A,0,,,Price,11.95,3.48,3.96,33.16 %,113.86 %,8.65,5.95,1,OOS,N/A,$4.51,$3.45,0,$0.96,8.00%,$0.02,1,$0.08,$0.30 /lb,$0.08,$0.00,$0.00,$0.00,$0.00,0,$0.00,,0,"Pulling package information from B0DMT8QXJF via amazon.com,3 or less sellers","7.28, 5.24, 1.42 in, 0.26 lbs",7.28,5.24,1.42,0.26,N/A,Computer
"05/01/2025, 11:34 PM PDT","05/02/2025, 02:34 AM EDT","05/02/2025, 01:34 AM CDT","05/01/2025, 11:34 PM PDT","PEZ Barbie Collectable Candy Dispenser Blister Pack, 0.87 Ounce - Brown Brunette Hair",5881710902,73621093522,Brown Hair,3,PEZ,Home & Garden,Dried Food Dispensers,PEZ,N/A,N/A,https://i5.walmartimages.com/seo/PEZ-Barbie-Collectable-Candy-Dispenser-Blister-Pack-0-87-Ounce-Brown-Brunette-Hair_0e26c555-2faf-4150-89ee-d21dc1832209.35b26e0da6f95c57ed0582d36ae781b3.jpeg,,N/A,https://www.walmart.com/ip/5881710902,1.55,N/A,https://www.amazon.com/s?k=PEZ%20Barbie%20Collectable%20Candy%20Dispenser%20Blister%20Pack%2C%200.87%20Ounce%20-%20Brown%20Brunette%20Hair,https://www.ebay.com/sch/i.html?_nkw=PEZ%20Barbie%20Collectable%20Candy%20Dispenser%20Blister%20Pack%2C%200.87%20Ounce%20-%20Brown%20Brunette%20Hair,https://www.google.com/search?q=PEZ%20Barbie%20Collectable%20Candy%20Dispenser%20Blister%20Pack%2C%200.87%20Ounce%20-%20Brown%20Brunette%20Hair,https://seller.walmart.com/catalog/add-items?search=5881710902,N/A,yes,no,no,1,1,0,1,Mayon Products,wfs,$10.49,1,$10.49,$10.49,10.49,1.55,3.91,37.23 %,251.94 %,7.00,4.36,1,NA,N/A,$5.03,$3.45,0,$1.57,15.00%,$0.00,1,$0.01,$0.30 /lb,$0.01,$0.00,$0.00,$0.00,$0.00,0,$0.00,,0,"The listing has 3 variations,For better accuracy, we’ve used dimensions from B0DQ974YMT to provide more precise estimates,3 or less sellers","5.98, 0.98, 0.98 in, 0.03 lbs",5.98,0.98,0.98,0.03,N/A,Computer
"04/30/2025, 12:26 AM PDT","04/30/2025, 03:26 AM EDT","04/30/2025, 02:26 AM CDT","04/30/2025, 12:26 AM PDT",Uha Mikakuto  1.76 oz Candy Puchao Melon - Pack of 10,2993185583,746988336020,N/A,N/A,UHA Mikakuto,Grocery,Fruit Flavored Candy,N/A,N/A,N/A,https://i5.walmartimages.com/seo/Uha-Mikakuto-1-76-oz-Candy-Puchao-Melon-Pack-of-10_a35fe218-0cc4-4f26-a65f-3d27ca630e22.f7d9d97800fa361b586e38e6d8c3c188.jpeg,,N/A,https://www.walmart.com/ip/2993185583,14.5,N/A,https://www.amazon.com/s?k=Uha%20Mikakuto%20%201.76%20oz%20Candy%20Puchao%20Melon%20-%20Pack%20of%2010,https://www.ebay.com/sch/i.html?_nkw=Uha%20Mikakuto%20%201.76%20oz%20Candy%20Puchao%20Melon%20-%20Pack%20of%2010,https://www.google.com/search?q=Uha%20Mikakuto%20%201.76%20oz%20Candy%20Puchao%20Melon%20-%20Pack%20of%2010,https://seller.walmart.com/catalog/add-items?search=2993185583,N/A,no,no,no,1,0,1,4,UnbeatableSale Local,mfn,$27.93,4,$27.93,$27.93,27.93,14.5,3.9,13.97 %,26.91 %,23.25,14.72,1,NA,N/A,$9.53,$4.95,0,$4.19,15.00%,$0.02,1,$0.37,$0.30 /lb,$0.37,$0.00,$0.00,$0.00,$0.00,0,$0.00,,0,"For better accuracy, we’ve used dimensions from B01M3P0LJI to provide more precise estimates,3 or less sellers","5.94, 4.33, 1.69 in, 1.23 lbs",5.94,4.33,1.69,1.23,N/A,Computer
"05/02/2025, 12:39 AM PDT","05/02/2025, 03:39 AM EDT","05/02/2025, 02:39 AM CDT","05/02/2025, 12:39 AM PDT","Dip and Fizz Lollipop Candy, Assorted Flavored Novelty Candies, Goodie Bag Filler Treats, 1.41 Ounces (Pack of 3) KK17 KK17",7625865564,0,N/A,N/A,Sweetzo,Grocery,Lollipops & Suckers,N/A,N/A,N/A,https://i5.walmartimages.com/seo/Dip-and-Fizz-Lollipop-Candy-Assorted-Flavored-Novelty-Candies-Goodie-Bag-Filler-Treats-1-41-Ounces-Pack-of-3-KK17-KK17_49d35c43-f710-40ca-998d-e5264787125f.a5a4d87de5cf3ad4a22261ff5d172c9e.jpeg,,N/A,https://www.walmart.com/ip/7625865564,3.39,https://www.amazon.com/dp/undefined,https://www.amazon.com/s?k=Dip%20and%20Fizz%20Lollipop%20Candy%2C%20Assorted%20Flavored%20Novelty%20Candies%2C%20Goodie%20Bag%20Filler%20Treats%2C%201.41%20Ounces%20(Pack%20of%203)%20KK17%20KK17,https://www.ebay.com/sch/i.html?_nkw=Dip%20and%20Fizz%20Lollipop%20Candy%2C%20Assorted%20Flavored%20Novelty%20Candies%2C%20Goodie%20Bag%20Filler%20Treats%2C%201.41%20Ounces%20(Pack%20of%203)%20KK17%20KK17,https://www.google.com/search?q=Dip%20and%20Fizz%20Lollipop%20Candy%2C%20Assorted%20Flavored%20Novelty%20Candies%2C%20Goodie%20Bag%20Filler%20Treats%2C%201.41%20Ounces%20(Pack%20of%203)%20KK17%20KK17,https://seller.walmart.com/catalog/add-items?search=7625865564,N/A,no,no,no,1,0,1,25,Valyou General,mfn,$11.81,25,$11.81,$11.81,11.81,3.39,3.89,32.92 %,114.69 %,8.60,5.82,1,,N/A,$4.53,$3.45,0,$0.94,8.00%,$0.03,1,$0.11,$0.30 /lb,$0.11,$0.00,$0.00,$0.00,$0.00,0,$0.00,,0,"For better accuracy, we’ve used dimensions from B0CXQS35FP to provide more precise estimates,3 or less sellers","5.98, 5.00, 2.01 in, 0.37 lbs",5.98,5.00,2.01,0.37,N/A,Computer
"05/02/2025, 03:29 AM PDT","05/02/2025, 06:29 AM EDT","05/02/2025, 05:29 AM CDT","05/02/2025, 03:29 AM PDT",KIDSMANIA HOT SPORTS GUMBALL DISPENSER 1.41 oz Each ( 12 in a Pack ),727934532,657789560340,N/A,N/A,Kidsmania,Home & Garden,Dried Food Dispensers,N/A,2107,N/A,https://i5.walmartimages.com/seo/KIDSMANIA-HOT-SPORTS-GUMBALL-DISPENSER-1-41-oz-Each-12-in-a-Pack_5972b9f1-d389-4e82-9793-06c704df1cb9_1.4ba733c5785c0a244a6f6c6874676e1e.jpeg,,N/A,https://www.walmart.com/ip/727934532,15.84,N/A,https://www.amazon.com/s?k=KIDSMANIA%20HOT%20SPORTS%20GUMBALL%20DISPENSER%201.41%20oz%20Each%20(%2012%20in%20a%20Pack%20),https://www.ebay.com/sch/i.html?_nkw=KIDSMANIA%20HOT%20SPORTS%20GUMBALL%20DISPENSER%201.41%20oz%20Each%20(%2012%20in%20a%20Pack%20),https://www.google.com/search?q=KIDSMANIA%20HOT%20SPORTS%20GUMBALL%20DISPENSER%201.41%20oz%20Each%20(%2012%20in%20a%20Pack%20),https://seller.walmart.com/catalog/add-items?search=727934532,N/A,no,no,no,2,0,2,34,Grab Deals LLC,mfn,$30.50,30,$30.50,$31.75,30.5,15.84,3.84,12.59 %,24.25 %,25.90,15.74,1,NA,N/A,$10.82,$5.45,0,$4.58,15.00%,$0.13,1,$0.66,$0.30 /lb,$0.66,$0.00,$0.00,$0.00,$0.00,0,$0.00,,0,"For better accuracy, we’ve used dimensions from B001BOLD0U to provide more precise estimates,3 or less sellers","10.39, 7.40, 4.02 in, 2.20 lbs",10.39,7.40,4.02,2.20,N/A,Computer
"04/30/2025, 06:22 AM PDT","04/30/2025, 09:22 AM EDT","04/30/2025, 08:22 AM CDT","04/30/2025, 06:22 AM PDT",Katjes Rainbow Gummy Candy 4.9 oz,6592310305,968866022621,N/A,N/A,Katjes,Grocery,Gummy Candy,N/A,N/A,N/A,https://i5.walmartimages.com/seo/Katjes-Rainbow-Gummy-Candy-4-9-oz_0dd0b601-58aa-47c0-8ce2-c207ceae1f77.a45c350cc1b5a970f1aa4b42aecb133d.jpeg,,N/A,https://www.walmart.com/ip/6592310305,3.31,N/A,https://www.amazon.com/s?k=Katjes%20Rainbow%20Gummy%20Candy%204.9%20oz,https://www.ebay.com/sch/i.html?_nkw=Katjes%20Rainbow%20Gummy%20Candy%204.9%20oz,https://www.google.com/search?q=Katjes%20Rainbow%20Gummy%20Candy%204.9%20oz,https://seller.walmart.com/catalog/add-items?search=6592310305,N/A,yes,no,no,0,0,0,0,N/A,N/A,0,,,Price,11.55,3.31,3.73,32.33 %,112.82 %,8.50,5.64,1,NA,N/A,$4.51,$3.45,0,$0.92,8.00%,$0.01,1,$0.12,$0.30 /lb,$0.12,$0.00,$0.00,$0.00,$0.00,0,$0.00,,0,"For better accuracy, we’ve used dimensions from B0D682MX4C to provide more precise estimates,3 or less sellers","6.57, 5.20, 0.98 in, 0.39 lbs",6.57,5.20,0.98,0.39,N/A,Computer
"05/01/2025, 11:07 PM PDT","05/02/2025, 02:07 AM EDT","05/02/2025, 01:07 AM CDT","05/01/2025, 11:07 PM PDT",ASTRONAUT ICE CREAM SANDWICH VANILLA 1.1 OZ BAG,46306219,48143300021,N/A,N/A,Backpacker's Pantry,Grocery,"Sandwiches, Filled Rolls & Wraps",N/A,N/A,102207,https://i5.walmartimages.com/seo/ASTRONAUT-ICE-CREAM-SANDWICH-VANILLA-1-1-OZ-BAG_79f2f245-bfd2-4d0e-9d33-1972789bae22.7242121a865337944235124556011b2e.jpeg,,N/A,https://www.walmart.com/ip/46306219,3.88,https://www.amazon.com/dp/B004I07DXK,https://www.amazon.com/s?k=ASTRONAUT%20ICE%20CREAM%20SANDWICH%20VANILLA%201.1%20OZ%20BAG,https://www.ebay.com/sch/i.html?_nkw=ASTRONAUT%20ICE%20CREAM%20SANDWICH%20VANILLA%201.1%20OZ%20BAG,https://www.google.com/search?q=ASTRONAUT%20ICE%20CREAM%20SANDWICH%20VANILLA%201.1%20OZ%20BAG,https://seller.walmart.com/catalog/add-items?search=46306219,N/A,no,no,no,2,1,1,9,SARONITE,wfs,$11.99,7,$11.99,$14.32,11.99,3.88,3.66,30.50 %,94.25 %,9.00,6.03,1,$11.99,N/A,$4.45,$3.45,0,$0.96,8.00%,$0.02,1,$0.03,$0.30 /lb,$0.03,$0.00,$0.00,$0.00,$0.00,0,$0.00,3.3,7,"For better accuracy, we’ve used dimensions from B0CRCKCVHM to provide more precise estimates,3 or less sellers","8.54, 5.00, 0.91 in, 0.09 lbs",8.54,5.00,0.91,0.09,N/A,Computer
"05/05/2025, 04:04 AM PDT","05/05/2025, 07:04 AM EDT","05/05/2025, 06:04 AM CDT","05/05/2025, 04:04 AM PDT","Juicy Drop 118160 Gummies Candy Chewy Gummies & Sour Gel Pen Watermelon Blast 2.01 oz., Pack of 1",5172485037,0,N/A,N/A,Juicy Drop,Grocery,Gummy Candy,N/A,N/A,N/A,https://i5.walmartimages.com/seo/Juicy-Drop-118160-Gummies-Candy-Chewy-Gummies-Sour-Gel-Pen-Watermelon-Blast-2-01-oz-Pack-of-1_a46d7ca9-f383-4b0e-a511-3d6d1f678e84.a37caf9c2949244c92f74dcc2c65292c.jpeg,,N/A,https://www.walmart.com/ip/5172485037,2.08,https://www.amazon.com/dp/undefined,https://www.amazon.com/s?k=Juicy%20Drop%20118160%20Gummies%20Candy%20Chewy%20Gummies%20%26%20Sour%20Gel%20Pen%20Watermelon%20Blast%202.01%20oz.%2C%20Pack%20of%201,https://www.ebay.com/sch/i.html?_nkw=Juicy%20Drop%20118160%20Gummies%20Candy%20Chewy%20Gummies%20%26%20Sour%20Gel%20Pen%20Watermelon%20Blast%202.01%20oz.%2C%20Pack%20of%201,https://www.google.com/search?q=Juicy%20Drop%20118160%20Gummies%20Candy%20Chewy%20Gummies%20%26%20Sour%20Gel%20Pen%20Watermelon%20Blast%202.01%20oz.%2C%20Pack%20of%201,https://seller.walmart.com/catalog/add-items?search=5172485037,N/A,no,no,no,1,0,1,20,Valyou General,mfn,$10.06,20,$10.06,$10.06,10.06,2.08,3.51,34.91 %,168.86 %,7.25,4.47,1,,N/A,$4.47,$3.45,0,$0.80,8.00%,$0.03,1,$0.18,$0.30 /lb,$0.18,$0.00,$0.00,$0.00,$0.00,0,$0.00,,0,"For better accuracy, we’ve used dimensions from B0CCLV97HK to provide more precise estimates,3 or less sellers","7.20, 6.10, 1.57 in, 0.61 lbs",7.20,6.10,1.57,0.61,N/A,Computer
"05/01/2025, 11:08 PM PDT","05/02/2025, 02:08 AM EDT","05/02/2025, 01:08 AM CDT","05/01/2025, 11:08 PM PDT",Astronaut Ice Cream- Freeze-dried ready-to-eat space desserts! {Mint Chocolate Chip},5760656684,746264021459,N/A,N/A,Astronaut Foods,Grocery,"Ice Cream Bars, Cones & Novelties",N/A,N/A,N/A,https://i5.walmartimages.com/seo/Astronaut-Ice-Cream-Freeze-dried-ready-to-eat-space-desserts-Mint-Chocolate-Chip_ef3626f6-795d-49e9-a7a8-f4239b6907c8.59905bdcdd7b564a2b22b05a6a43ff99.jpeg,,N/A,https://www.walmart.com/ip/5760656684,3.81,N/A,https://www.amazon.com/s?k=Astronaut%20Ice%20Cream-%20Freeze-dried%20ready-to-eat%20space%20desserts!%20%7BMint%20Chocolate%20Chip%7D,https://www.ebay.com/sch/i.html?_nkw=Astronaut%20Ice%20Cream-%20Freeze-dried%20ready-to-eat%20space%20desserts!%20%7BMint%20Chocolate%20Chip%7D,https://www.google.com/search?q=Astronaut%20Ice%20Cream-%20Freeze-dried%20ready-to-eat%20space%20desserts!%20%7BMint%20Chocolate%20Chip%7D,https://seller.walmart.com/catalog/add-items?search=5760656684,N/A,no,no,no,2,1,1,22,MerlinsMart,wfs,$16.55,12,$16.55,$16.77,16.55,3.81,3.46,20.90 %,90.77 %,11.45,5.81,1,NA,N/A,$9.28,$6.15,0,$2.48,15.00%,$0.24,1,$0.41,$0.30 /lb,$0.41,$0.00,$0.00,$0.00,$0.00,0,$0.00,,0,"For better accuracy, we’ve used dimensions from B0CLQYH8RR to provide more precise estimates,3 or less sellers","13.07, 8.78, 4.72 in, 1.38 lbs",13.07,8.78,4.72,1.38,N/A,Computer
"05/02/2025, 05:41 AM PDT","05/02/2025, 08:41 AM EDT","05/02/2025, 07:41 AM CDT","05/02/2025, 05:41 AM PDT",Grab Pop Candy Toy,815926858,686464519205,Case of 12,1,Grab Pop,Toys & Games,Novelty & Gag Toys,N/A,N/A,N/A,https://i5.walmartimages.com/seo/Grab-Pop-Candy-Toy_88a2c784-c7db-4632-b9be-d2c768ec3756.f666506dcfb9f1564783caf36cbda45c.jpeg,,N/A,https://www.walmart.com/ip/815926858,14.76,https://www.amazon.com/dp/B01C5APGBA,https://www.amazon.com/s?k=Grab%20Pop%20Candy%20Toy,https://www.ebay.com/sch/i.html?_nkw=Grab%20Pop%20Candy%20Toy,https://www.google.com/search?q=Grab%20Pop%20Candy%20Toy,https://seller.walmart.com/catalog/add-items?search=815926858,N/A,no,no,no,3,0,3,20,Pantryful,mfn,$27.80,12,$27.80,$38.00,27.8,14.76,3.39,12.18 %,22.94 %,23.70,14.52,1,$34.73,N/A,$9.65,$4.95,0,$4.17,15.00%,$0.10,1,$0.44,$0.30 /lb,$0.44,$0.00,$0.00,$0.00,$0.00,0,$0.00,,0,"Pulling package information from B01C5APGBA via amazon.com,3 or less sellers","6.14, 6.14, 5.91 in, 1.46 lbs",6.14,6.14,5.91,1.46,N/A,Computer
"05/01/2025, 11:14 PM PDT","05/02/2025, 02:14 AM EDT","05/02/2025, 01:14 AM CDT","05/01/2025, 11:14 PM PDT","Avatar The Last Airbender Collectible Tin, APPA Flyer Sours , 0.7 Ounce of Sour Orange APPA Candy",2919217550,611508175994,0.7 oz,2,Boston America,Grocery,Sour Candy,N/A,N/A,N/A,https://i5.walmartimages.com/seo/Avatar-The-Last-Airbender-Collectible-Tin-APPA-Flyer-Sours-0-7-Ounce-of-Sour-Orange-APPA-Candy_a09393ad-9ca5-4df4-8e18-ccf77fa5a46e.fc0768c58fa8ea3203e1f6a437dd01c3.jpeg,,N/A,https://www.walmart.com/ip/2919217550,2.05,N/A,https://www.amazon.com/s?k=Avatar%20The%20Last%20Airbender%20Collectible%20Tin%2C%20APPA%20Flyer%20Sours%20%2C%200.7%20Ounce%20of%20Sour%20Orange%20APPA%20Candy,https://www.ebay.com/sch/i.html?_nkw=Avatar%20The%20Last%20Airbender%20Collectible%20Tin%2C%20APPA%20Flyer%20Sours%20%2C%200.7%20Ounce%20of%20Sour%20Orange%20APPA%20Candy,https://www.google.com/search?q=Avatar%20The%20Last%20Airbender%20Collectible%20Tin%2C%20APPA%20Flyer%20Sours%20%2C%200.7%20Ounce%20of%20Sour%20Orange%20APPA%20Candy,https://seller.walmart.com/catalog/add-items?search=2919217550,N/A,no,no,no,2,0,2,19,BiG Confections,mfn,$6.99,16,$6.99,$7.89,6.99,2.05,3.38,48.37 %,164.92 %,3.25,4.34,1,NA,N/A,$1.56,$0.00,0,$0.56,8.00%,$0.00,1,$1.00,$0.30 /lb,$0.00,$0.00,$0.00,$0.00,$0.00,0,$0.00,,0,"The listing has 2 variations,For better accuracy, we’ve used dimensions from  to provide more precise estimates,3 or less sellers","0.00, 0.00, 0.00 in, 0.00 lbs",0.00,0.00,0.00,0.00,N/A,Computer
"05/02/2025, 04:18 AM PDT","05/02/2025, 07:18 AM EDT","05/02/2025, 06:18 AM CDT","05/02/2025, 04:18 AM PDT",Buy 12 Bottles of KIDSMANIA Bubble Gum  Getaway Galaxy Rocks (2.12oz),10078816297,669423502494,1,1,Kidsmania,Grocery,Chewing Gum,N/A,N/A,N/A,https://i5.walmartimages.com/seo/Buy-12-Bottles-of-KIDSMANIA-Bubble-Gum-Getaway-Galaxy-Rocks-2-12oz_b003fd2d-b751-42c0-a0ae-64d57f7ab917.756aff58e95c110b46cb47af01154bea.jpeg,,N/A,https://www.walmart.com/ip/10078816297,15.24,N/A,https://www.amazon.com/s?k=Buy%2012%20Bottles%20of%20KIDSMANIA%20Bubble%20Gum%20%20Getaway%20Galaxy%20Rocks%20(2.12oz),https://www.ebay.com/sch/i.html?_nkw=Buy%2012%20Bottles%20of%20KIDSMANIA%20Bubble%20Gum%20%20Getaway%20Galaxy%20Rocks%20(2.12oz),https://www.google.com/search?q=Buy%2012%20Bottles%20of%20KIDSMANIA%20Bubble%20Gum%20%20Getaway%20Galaxy%20Rocks%20(2.12oz),https://seller.walmart.com/catalog/add-items?search=10078816297,N/A,no,no,no,1,0,1,25,Valyou General,mfn,$29.21,25,$29.21,$29.21,29.21,15.24,3.38,11.57 %,22.18 %,25.15,14.90,1,NA,N/A,$10.59,$5.45,0,$4.38,15.00%,$0.08,1,$0.68,$0.30 /lb,$0.68,$0.00,$0.00,$0.00,$0.00,0,$0.00,,0,"For better accuracy, we’ve used dimensions from B07FKR99ZY to provide more precise estimates,3 or less sellers","8.11, 6.14, 3.54 in, 2.27 lbs",8.11,6.14,3.54,2.27,N/A,Computer
"05/07/2025, 04:55 AM PDT","05/07/2025, 07:55 AM EDT","05/07/2025, 06:55 AM CDT","05/07/2025, 04:55 AM PDT","Original Old Fashioned Rocket Astro Pop, 1.5 Ounce Large Lollipops - 4 Pops",336687056,854488003288,"1.5 oz. (4 pops), Single",2,Astro Pop,Grocery,Lollipops & Suckers,N/A,N/A,N/A,https://i5.walmartimages.com/seo/Original-Old-Fashioned-Rocket-Astro-Pop-1-5-Ounce-Large-Lollipops-4-Pops_d5dbb3de-f38f-4c31-8947-368dde0ee648.3d69ccae19cde5ed75d291a1968a6f47.jpeg,,N/A,https://www.walmart.com/ip/336687056,8.6,N/A,https://www.amazon.com/s?k=Original%20Old%20Fashioned%20Rocket%20Astro%20Pop%2C%201.5%20Ounce%20Large%20Lollipops%20-%204%20Pops,https://www.ebay.com/sch/i.html?_nkw=Original%20Old%20Fashioned%20Rocket%20Astro%20Pop%2C%201.5%20Ounce%20Large%20Lollipops%20-%204%20Pops,https://www.google.com/search?q=Original%20Old%20Fashioned%20Rocket%20Astro%20Pop%2C%201.5%20Ounce%20Large%20Lollipops%20-%204%20Pops,https://seller.walmart.com/catalog/add-items?search=336687056,N/A,no,no,no,0,0,0,0,N/A,N/A,0,,,Price,12.99,8.6,3.35,25.80 %,38.96 %,0.00,9.56,1,NA,N/A,$1.04,$0.00,0,$1.04,8.00%,$0.00,1,$0.00,$0.30 /lb,$0.00,$0.00,$0.00,$0.00,$0.00,0,$0.00,2.3,6,"The listing has 2 variations,For better accuracy, we’ve used dimensions from  to provide more precise estimates,3 or less sellers","0.00, 0.00, 0.00 in, 0.00 lbs",0.00,0.00,0.00,0.00,N/A,Computer
"04/29/2025, 03:07 AM PDT","04/29/2025, 06:07 AM EDT","04/29/2025, 05:07 AM CDT","04/29/2025, 03:07 AM PDT","Chocorooms  Crackers, Milk and Dark Chocolate Combination - 1.34 oz, Pack of 8 - Bite Sized Crackers in Fun Mushroom Shapes",12158319538,605177099033,1,1,Chocorooms,Grocery,Snack Crackers,N/A,N/A,N/A,https://i5.walmartimages.com/seo/Chocorooms-Crackers-Milk-and-Dark-Chocolate-Combination-1-34-oz-Pack-of-8-Bite-Sized-Crackers-in-Fun-Mushroom-Shapes_1796f258-209f-4413-9676-d607b994979f.2d4892069c313b06f7e38c30679d2a66.jpeg,,N/A,https://www.walmart.com/ip/12158319538,9.68,N/A,https://www.amazon.com/s?k=Chocorooms%20%20Crackers%2C%20Milk%20and%20Dark%20Chocolate%20Combination%20-%201.34%20oz%2C%20Pack%20of%208%20-%20Bite%20Sized%20Crackers%20in%20Fun%20Mushroom%20Shapes,https://www.ebay.com/sch/i.html?_nkw=Chocorooms%20%20Crackers%2C%20Milk%20and%20Dark%20Chocolate%20Combination%20-%201.34%20oz%2C%20Pack%20of%208%20-%20Bite%20Sized%20Crackers%20in%20Fun%20Mushroom%20Shapes,https://www.google.com/search?q=Chocorooms%20%20Crackers%2C%20Milk%20and%20Dark%20Chocolate%20Combination%20-%201.34%20oz%2C%20Pack%20of%208%20-%20Bite%20Sized%20Crackers%20in%20Fun%20Mushroom%20Shapes,https://seller.walmart.com/catalog/add-items?search=12158319538,N/A,no,no,no,0,0,0,0,N/A,N/A,0,,,Price,21.49,9.68,3.31,15.39 %,34.17 %,17.50,10.39,1,NA,N/A,$8.50,$4.95,0,$3.22,15.00%,$0.08,1,$0.25,$0.30 /lb,$0.25,$0.00,$0.00,$0.00,$0.00,0,$0.00,,0,"For better accuracy, we’ve used dimensions from B07NLVXXYD to provide more precise estimates,3 or less sellers","8.39, 5.24, 4.33 in, 0.82 lbs",8.39,5.24,4.33,0.82,N/A,Computer
"05/01/2025, 11:54 PM PDT","05/02/2025, 02:54 AM EDT","05/02/2025, 01:54 AM CDT","05/01/2025, 11:54 PM PDT","Bubble Jug Tropical Fruit Bubble Gum, 1.94 Ounce - 12 Count Display Box",6155313685,859917004607,12,1,Iconic Candy,Grocery,Chewing Gum,N/A,N/A,N/A,https://i5.walmartimages.com/seo/Bubble-Jug-Tropical-Fruit-Bubble-Gum-1-94-Ounce-12-Count-Display-Box_99f09447-23e6-419c-8a0f-986fa33730e1.ceae696a389af8ba6c3d93f366a4d453.jpeg,,N/A,https://www.walmart.com/ip/6155313685,13.56,https://www.amazon.com/dp/B0D1279TLN,https://www.amazon.com/s?k=Bubble%20Jug%20Tropical%20Fruit%20Bubble%20Gum%2C%201.94%20Ounce%20-%2012%20Count%20Display%20Box,https://www.ebay.com/sch/i.html?_nkw=Bubble%20Jug%20Tropical%20Fruit%20Bubble%20Gum%2C%201.94%20Ounce%20-%2012%20Count%20Display%20Box,https://www.google.com/search?q=Bubble%20Jug%20Tropical%20Fruit%20Bubble%20Gum%2C%201.94%20Ounce%20-%2012%20Count%20Display%20Box,https://seller.walmart.com/catalog/add-items?search=6155313685,N/A,no,no,no,1,1,0,6,SARONITE,wfs,$26.99,6,$26.99,$26.99,26.99,13.56,3.29,12.18 %,24.24 %,23.05,13.48,1,$21.99,N/A,$10.14,$5.45,0,$4.05,15.00%,$0.06,1,$0.58,$0.30 /lb,$0.58,$0.00,$0.00,$0.00,$0.00,0,$0.00,3,2,"Pulling package information from B0D1279TLN via amazon.com,3 or less sellers","7.28, 5.31, 3.54 in, 1.95 lbs",7.28,5.31,3.54,1.95,N/A,Computer
"05/06/2025, 12:33 AM PDT","05/06/2025, 03:33 AM EDT","05/06/2025, 02:33 AM CDT","05/06/2025, 12:33 AM PDT","The Legend of Zelda Hyrule Kingdom, 1.2 Ounce Sour Blue Raspberry Candy in Collectible Tin",5570914499,611508176762,N/A,N/A,Boston America,Grocery,Sour Candy,N/A,N/A,N/A,https://i5.walmartimages.com/seo/The-Legend-of-Zelda-Hyrule-Kingdom-1-2-Ounce-Sour-Blue-Raspberry-Candy-in-Collectible-Tin_484b95a7-86f7-4ad9-b0b5-e0459a51a8ff.9cfb36ecd4b4169a8e2d6370ba2c91fe.jpeg,,N/A,https://www.walmart.com/ip/5570914499,2.14,N/A,https://www.amazon.com/s?k=The%20Legend%20of%20Zelda%20Hyrule%20Kingdom%2C%201.2%20Ounce%20Sour%20Blue%20Raspberry%20Candy%20in%20Collectible%20Tin,https://www.ebay.com/sch/i.html?_nkw=The%20Legend%20of%20Zelda%20Hyrule%20Kingdom%2C%201.2%20Ounce%20Sour%20Blue%20Raspberry%20Candy%20in%20Collectible%20Tin,https://www.google.com/search?q=The%20Legend%20of%20Zelda%20Hyrule%20Kingdom%2C%201.2%20Ounce%20Sour%20Blue%20Raspberry%20Candy%20in%20Collectible%20Tin,https://seller.walmart.com/catalog/add-items?search=5570914499,N/A,no,no,no,1,0,1,18,BiG Confections,mfn,$6.99,18,$6.99,$6.99,6.99,2.14,3.29,47.08 %,153.78 %,3.35,4.34,1,NA,N/A,$1.56,$0.00,0,$0.56,8.00%,$0.00,1,$1.00,$0.30 /lb,$0.00,$0.00,$0.00,$0.00,$0.00,0,$0.00,,0,"For better accuracy, we’ve used dimensions from  to provide more precise estimates,3 or less sellers","0.00, 0.00, 0.00 in, 0.00 lbs",0.00,0.00,0.00,0.00,N/A,Computer
"04/30/2025, 04:04 AM PDT","04/30/2025, 07:04 AM EDT","04/30/2025, 06:04 AM CDT","04/30/2025, 04:04 AM PDT","Glee Gum All Natural Mixed Berry Gum, Non GMO Project Verified, Eco Friendly, 16 Piece Box Pack of 2",785745927,680283177462,N/A,N/A,Glee Gum,Grocery,Chewing Gum,N/A,N/A,N/A,https://i5.walmartimages.com/seo/Glee-Gum-All-Natural-Mixed-Berry-Gum-Non-GMO-Project-Verified-Eco-Friendly-16-Piece-Box-Pack-of-2_488ddcfe-d9a1-4f18-8fdc-a9dd77264e17.50fee793b88b059720261539b2a22b8d.jpeg,,N/A,https://www.walmart.com/ip/785745927,3.17,N/A,https://www.amazon.com/s?k=Glee%20Gum%20All%20Natural%20Mixed%20Berry%20Gum%2C%20Non%20GMO%20Project%20Verified%2C%20Eco%20Friendly%2C%2016%20Piece%20Box%20Pack%20of%202,https://www.ebay.com/sch/i.html?_nkw=Glee%20Gum%20All%20Natural%20Mixed%20Berry%20Gum%2C%20Non%20GMO%20Project%20Verified%2C%20Eco%20Friendly%2C%2016%20Piece%20Box%20Pack%20of%202,https://www.google.com/search?q=Glee%20Gum%20All%20Natural%20Mixed%20Berry%20Gum%2C%20Non%20GMO%20Project%20Verified%2C%20Eco%20Friendly%2C%2016%20Piece%20Box%20Pack%20of%202,https://seller.walmart.com/catalog/add-items?search=785745927,N/A,no,no,no,1,0,1,5,Gourmet on the way LLC,mfn,$10.99,5,$10.99,$10.99,10.99,3.17,3.24,29.48 %,102.20 %,8.45,5.13,1,NA,N/A,$4.58,$3.45,0,$0.88,8.00%,$0.03,1,$0.22,$0.30 /lb,$0.22,$0.00,$0.00,$0.00,$0.00,0,$0.00,,0,"For better accuracy, we’ve used dimensions from B001SB0QSQ to provide more precise estimates,3 or less sellers","4.76, 4.21, 2.99 in, 0.75 lbs",4.76,4.21,2.99,0.75,N/A,Computer
"04/30/2025, 04:02 AM PDT","04/30/2025, 07:02 AM EDT","04/30/2025, 06:02 AM CDT","04/30/2025, 04:02 AM PDT","Glee Gum All Natural Cinnamon Gum, Non GMO Project Verified, Eco Friendly, 16 Piece Box,  Pack of 2",824412016,680283177431,N/A,N/A,Glee Gum,Grocery,Chewing Gum,N/A,N/A,N/A,https://i5.walmartimages.com/seo/Glee-Gum-All-Natural-Cinnamon-Gum-Non-GMO-Project-Verified-Eco-Friendly-16-Piece-Box-Pack-of-2_689ee4b4-031c-4070-b3ce-63bacd3f954c.40e64bcdf7c6250af15166cb2c8884fd.jpeg,,N/A,https://www.walmart.com/ip/824412016,3.17,N/A,https://www.amazon.com/s?k=Glee%20Gum%20All%20Natural%20Cinnamon%20Gum%2C%20Non%20GMO%20Project%20Verified%2C%20Eco%20Friendly%2C%2016%20Piece%20Box%2C%20%20Pack%20of%202,https://www.ebay.com/sch/i.html?_nkw=Glee%20Gum%20All%20Natural%20Cinnamon%20Gum%2C%20Non%20GMO%20Project%20Verified%2C%20Eco%20Friendly%2C%2016%20Piece%20Box%2C%20%20Pack%20of%202,https://www.google.com/search?q=Glee%20Gum%20All%20Natural%20Cinnamon%20Gum%2C%20Non%20GMO%20Project%20Verified%2C%20Eco%20Friendly%2C%2016%20Piece%20Box%2C%20%20Pack%20of%202,https://seller.walmart.com/catalog/add-items?search=824412016,N/A,no,no,no,1,0,1,7,Gourmet on the way LLC,mfn,$10.99,7,$10.99,$10.99,10.99,3.17,3.23,29.37 %,101.82 %,8.50,5.12,1,NA,N/A,$4.59,$3.45,0,$0.88,8.00%,$0.04,1,$0.22,$0.30 /lb,$0.22,$0.00,$0.00,$0.00,$0.00,0,$0.00,,0,"For better accuracy, we’ve used dimensions from B000KNF4EO to provide more precise estimates,3 or less sellers","5.31, 5.24, 3.15 in, 0.75 lbs",5.31,5.24,3.15,0.75,N/A,Computer
"05/01/2025, 03:35 AM PDT","05/01/2025, 06:35 AM EDT","05/01/2025, 05:35 AM CDT","05/01/2025, 03:35 AM PDT","Foreign Candy Aftershocks Cotton Candy Popping Candy Minis, 0.33 Ounce Packs - 24 Count Display Box",5140368907,675059718192,CottonCandy,1,Foreign Candy Company,Grocery,Chocolate & Candy Assortments,N/A,N/A,N/A,https://i5.walmartimages.com/seo/Foreign-Candy-Aftershocks-Cotton-Candy-Popping-Candy-Minis-0-33-Ounce-Packs-24-Count-Display-Box_9bda1f43-d6eb-44ca-b4c0-05680b644297.fa008d2db37f34ff14d52121a77940aa.jpeg,,N/A,https://www.walmart.com/ip/5140368907,22.8,N/A,https://www.amazon.com/s?k=Foreign%20Candy%20Aftershocks%20Cotton%20Candy%20Popping%20Candy%20Minis%2C%200.33%20Ounce%20Packs%20-%2024%20Count%20Display%20Box,https://www.ebay.com/sch/i.html?_nkw=Foreign%20Candy%20Aftershocks%20Cotton%20Candy%20Popping%20Candy%20Minis%2C%200.33%20Ounce%20Packs%20-%2024%20Count%20Display%20Box,https://www.google.com/search?q=Foreign%20Candy%20Aftershocks%20Cotton%20Candy%20Popping%20Candy%20Minis%2C%200.33%20Ounce%20Packs%20-%2024%20Count%20Display%20Box,https://seller.walmart.com/catalog/add-items?search=5140368907,N/A,no,no,no,2,0,2,34,Valyou General,mfn,$34.93,25,$34.93,$48.35,34.93,22.8,3.23,9.25 %,14.18 %,31.05,20.83,1,NA,N/A,$8.90,$3.45,0,$5.24,15.00%,$0.04,1,$0.17,$0.30 /lb,$0.17,$0.00,$0.00,$0.00,$0.00,0,$0.00,,0,"For better accuracy, we’ve used dimensions from B09MDQ8G5R to provide more precise estimates,3 or less sellers","5.91, 4.69, 3.11 in, 0.57 lbs",5.91,4.69,3.11,0.57,N/A,Computer
"04/29/2025, 02:57 AM PDT","04/29/2025, 05:57 AM EDT","04/29/2025, 04:57 AM CDT","04/29/2025, 02:57 AM PDT",Chimes Ginger Chews Original - 3.5 oz Pack of 2,1046233207,968862362721,N/A,N/A,Chimes,Grocery,Chewy Candy,N/A,N/A,N/A,https://i5.walmartimages.com/seo/Chimes-Ginger-Chews-Original-3-5-oz-Pack-of-2_88f18c50-d93c-45f2-8e98-646f8231717d.99913a8f336c16738a8827dcd25da49c.jpeg,,N/A,https://www.walmart.com/ip/1046233207,6.96,N/A,https://www.amazon.com/s?k=Chimes%20Ginger%20Chews%20Original%20-%203.5%20oz%20Pack%20of%202,https://www.ebay.com/sch/i.html?_nkw=Chimes%20Ginger%20Chews%20Original%20-%203.5%20oz%20Pack%20of%202,https://www.google.com/search?q=Chimes%20Ginger%20Chews%20Original%20-%203.5%20oz%20Pack%20of%202,https://seller.walmart.com/catalog/add-items?search=1046233207,N/A,no,no,no,2,1,1,10,Third Eye Market,wfs,$14.99,4,$14.99,$27.05,14.99,6.96,3.17,21.18 %,45.61 %,11.45,8.11,1,NA,N/A,$4.86,$3.45,0,$1.20,8.00%,$0.02,1,$0.19,$0.30 /lb,$0.19,$0.00,$0.00,$0.00,$0.00,0,$0.00,,0,"For better accuracy, we’ve used dimensions from B0DX4C1TK8 to provide more precise estimates,3 or less sellers","6.50, 5.12, 1.42 in, 0.62 lbs",6.50,5.12,1.42,0.62,N/A,Computer
"05/02/2025, 12:20 AM PDT","05/02/2025, 03:20 AM EDT","05/02/2025, 02:20 AM CDT","05/02/2025, 12:20 AM PDT",Candyrific Santa Light Up Fan with Candy 0.28 oz.,1263558130,609454642714,1 Fan,1,CandyRific,Home & Garden,Party Favors,CANDYRIFIC,N/A,N/A,https://i5.walmartimages.com/seo/Candyrific-Santa-Light-Up-Fan-with-Candy-0-28-oz_a3f4781f-9ed5-4853-be77-cb9dd49cec32.4aebfa36f7785c8756550665136cd470.jpeg,,N/A,https://www.walmart.com/ip/1263558130,6.05,https://www.amazon.com/dp/B076TSBBD2,https://www.amazon.com/s?k=Candyrific%20Santa%20Light%20Up%20Fan%20with%20Candy%200.28%20oz.,https://www.ebay.com/sch/i.html?_nkw=Candyrific%20Santa%20Light%20Up%20Fan%20with%20Candy%200.28%20oz.,https://www.google.com/search?q=Candyrific%20Santa%20Light%20Up%20Fan%20with%20Candy%200.28%20oz.,https://seller.walmart.com/catalog/add-items?search=1263558130,N/A,no,no,no,1,0,1,6,Love of Beauty,mfn,$15.00,6,$15.00,$15.00,15,6.05,3.14,20.96 %,51.96 %,11.20,7.36,1,OOS,N/A,$5.81,$3.45,0,$2.25,15.00%,$0.03,1,$0.07,$0.30 /lb,$0.07,$0.00,$0.00,$0.00,$0.00,0,$0.00,,0,"Pulling package information from B076TSBBD2 via amazon.com,3 or less sellers","7.44, 4.57, 2.32 in, 0.24 lbs",7.44,4.57,2.32,0.24,N/A,Computer
"05/07/2025, 03:16 AM PDT","05/07/2025, 06:16 AM EDT","05/07/2025, 05:16 AM CDT","05/07/2025, 03:16 AM PDT",Naturejam Large Psychedelic Jawbreakers Candy on Sticks 2.25inch Big 4Count Lollipops-Hard As A Rock,5414755831,468692354892,N/A,N/A,Naturejam,Grocery,Jawbreakers,N/A,N/A,N/A,https://i5.walmartimages.com/seo/LARGE-Psychedelic-Jawbreakers-Candy-on-Sticks-2-25-INCH-BIG-4-Count-Jawbreaker-Lollipops-Hard-As-A-Rock_94e9fe65-cb26-401e-bf13-b8f0d1c82b4b.a9840925e9adb3af6f208dc6c0a5df9b.png,,N/A,https://www.walmart.com/ip/5414755831,6.8,N/A,https://www.amazon.com/s?k=Naturejam%20Large%20Psychedelic%20Jawbreakers%20Candy%20on%20Sticks%202.25inch%20Big%204Count%20Lollipops-Hard%20As%20A%20Rock,https://www.ebay.com/sch/i.html?_nkw=Naturejam%20Large%20Psychedelic%20Jawbreakers%20Candy%20on%20Sticks%202.25inch%20Big%204Count%20Lollipops-Hard%20As%20A%20Rock,https://www.google.com/search?q=Naturejam%20Large%20Psychedelic%20Jawbreakers%20Candy%20on%20Sticks%202.25inch%20Big%204Count%20Lollipops-Hard%20As%20A%20Rock,https://seller.walmart.com/catalog/add-items?search=5414755831,N/A,no,no,no,1,1,0,27,Marketplace Deals & More,wfs,$17.99,27,$17.99,$17.99,17.99,6.8,3.1,17.25 %,45.62 %,13.15,7.92,1,NA,N/A,$8.09,$4.95,0,$2.70,15.00%,$0.06,1,$0.38,$0.30 /lb,$0.38,$0.00,$0.00,$0.00,$0.00,0,$0.00,,0,"For better accuracy, we’ve used dimensions from B0DHF157L5 to provide more precise estimates,3 or less sellers","10.00, 5.12, 2.48 in, 1.28 lbs",10.00,5.12,2.48,1.28,N/A,Computer
"05/02/2025, 03:39 AM PDT","05/02/2025, 06:39 AM EDT","05/02/2025, 05:39 AM CDT","05/02/2025, 03:39 AM PDT",Buddy the Elf - Pass the Syrup Maple Candy Tin 1.5 oz.,2064962355,611508596102,1.5 oz,1,Boston America,Grocery,Hard Candy,N/A,N/A,N/A,https://i5.walmartimages.com/seo/Buddy-the-Elf-Pass-the-Syrup-Maple-Candy-Tin-1-5-oz_d1b44514-a878-4124-b461-b18beb54a38b.4e46b44bdc92591aeb3c0e3c66a754af.jpeg,,N/A,https://www.walmart.com/ip/2064962355,38.5,https://www.amazon.com/dp/B09MDRC8FF,https://www.amazon.com/s?k=Buddy%20the%20Elf%20-%20Pass%20the%20Syrup%20Maple%20Candy%20Tin%201.5%20oz.,https://www.ebay.com/sch/i.html?_nkw=Buddy%20the%20Elf%20-%20Pass%20the%20Syrup%20Maple%20Candy%20Tin%201.5%20oz.,https://www.google.com/search?q=Buddy%20the%20Elf%20-%20Pass%20the%20Syrup%20Maple%20Candy%20Tin%201.5%20oz.,https://seller.walmart.com/catalog/add-items?search=2064962355,N/A,no,no,no,1,0,1,1,BiG Confections,mfn,$56.99,1,$56.99,$56.99,56.99,38.5,3.07,5.39 %,7.97 %,53.30,33.26,1,$56.99,N/A,$15.42,$5.75,0,$8.55,15.00%,$0.07,1,$1.05,$0.30 /lb,$1.05,$0.00,$0.00,$0.00,$0.00,0,$0.00,,0,"Pulling package information from B09MDRC8FF via amazon.com,3 or less sellers","7.99, 7.52, 2.76 in, 3.50 lbs",7.99,7.52,2.76,3.50,N/A,Computer
"05/02/2025, 12:14 AM PDT","05/02/2025, 03:14 AM EDT","05/02/2025, 02:14 AM CDT","05/02/2025, 12:14 AM PDT","Blue Raspberry Gourmet Flavored Cotton Candy - Unique Idea for Holidays, Birthdays, Gag Gifts, Party Favors",692001270,609015726419,N/A,N/A,Chocolate Storybook,Grocery,Cotton Candy,N/A,609015726419,N/A,https://i5.walmartimages.com/seo/Blue-Raspberry-Gourmet-Flavored-Cotton-Candy-Unique-Idea-for-Holidays-Birthdays-Gag-Gifts-Party-Favors_11c398cd-0ab2-48f8-b91d-5fec242ef555.ba85605e354f7c726a479675a9c5fc6a.jpeg,,N/A,https://www.walmart.com/ip/692001270,2.58,https://www.amazon.com/dp/B01K2VMLRG,https://www.amazon.com/s?k=Blue%20Raspberry%20Gourmet%20Flavored%20Cotton%20Candy%20-%20Unique%20Idea%20for%20Holidays%2C%20Birthdays%2C%20Gag%20Gifts%2C%20Party%20Favors,https://www.ebay.com/sch/i.html?_nkw=Blue%20Raspberry%20Gourmet%20Flavored%20Cotton%20Candy%20-%20Unique%20Idea%20for%20Holidays%2C%20Birthdays%2C%20Gag%20Gifts%2C%20Party%20Favors,https://www.google.com/search?q=Blue%20Raspberry%20Gourmet%20Flavored%20Cotton%20Candy%20-%20Unique%20Idea%20for%20Holidays%2C%20Birthdays%2C%20Gag%20Gifts%2C%20Party%20Favors,https://seller.walmart.com/catalog/add-items?search=692001270,N/A,no,no,no,1,0,1,1,Quality Line Products ,mfn,$10.00,1,$10.00,$10.00,10,2.58,3.05,30.55 %,118.41 %,7.70,4.51,1,$8.82,100+ units sold this month on Amazon,$4.37,$3.45,0,$0.80,8.00%,$0.05,1,$0.07,$0.30 /lb,$0.07,$0.00,$0.00,$0.00,$0.00,0,$0.00,,0,"Pulling package information from B01K2VMLRG via amazon.com,3 or less sellers","5.28, 4.65, 4.61 in, 0.22 lbs",5.28,4.65,4.61,0.22,N/A,Computer
"04/30/2025, 06:20 AM PDT","04/30/2025, 09:20 AM EDT","04/30/2025, 08:20 AM CDT","04/30/2025, 06:20 AM PDT","Justin'S Nut Butter Peanut Butter Cups Organic Milk Chocolate Mini, 4.7 Oz",192370017,855188003981,N/A,N/A,Justin's,Grocery,Chocolate Candy,N/A,N/A,855188003981,https://i5.walmartimages.com/seo/Justin-S-Nut-Butter-Peanut-Butter-Cups-Organic-Milk-Chocolate-Mini-4-7-Oz_aaebd275-bd6e-4607-b7a0-26cc46b932ab.1432c674c6c5bf85d8276ba55ca4116f.jpeg,,N/A,https://www.walmart.com/ip/192370017,5.33,https://www.amazon.com/dp/B012H9HM9I,https://www.amazon.com/s?k=Justin'S%20Nut%20Butter%20Peanut%20Butter%20Cups%20Organic%20Milk%20Chocolate%20Mini%2C%204.7%20Oz,https://www.ebay.com/sch/i.html?_nkw=Justin'S%20Nut%20Butter%20Peanut%20Butter%20Cups%20Organic%20Milk%20Chocolate%20Mini%2C%204.7%20Oz,https://www.google.com/search?q=Justin'S%20Nut%20Butter%20Peanut%20Butter%20Cups%20Organic%20Milk%20Chocolate%20Mini%2C%204.7%20Oz,https://seller.walmart.com/catalog/add-items?search=192370017,N/A,no,no,no,3,0,3,12,Disguiser Express Mart,mfn,$12.94,4,$12.94,$17.98,12.94,5.33,3,23.21 %,56.36 %,0.00,6.67,1,$12.94,3k+ units sold this month on Amazon,$4.61,$3.45,0,$1.04,8.00%,$0.03,1,$0.09,$0.30 /lb,$0.09,$0.00,$0.00,$0.00,$0.00,0,$0.00,3.6,8,"Pulling package information from B012H9HM9I via amazon.com,3 or less sellers","8.15, 4.76, 1.65 in, 0.31 lbs",8.15,4.76,1.65,0.31,N/A,Computer
"04/30/2025, 12:24 AM PDT","04/30/2025, 03:24 AM EDT","04/30/2025, 02:24 AM CDT","04/30/2025, 12:24 AM PDT",Uha Mikakuto  3.52 oz Candy Puchao Bubbly Soda - Pack of 6,8547605671,766191697749,N/A,N/A,UHA Mikakuto,Grocery,Soda Pop,N/A,N/A,N/A,https://i5.walmartimages.com/seo/Uha-Mikakuto-3-52-oz-Candy-Puchao-Bubbly-Soda-Pack-of-6_d5062670-3c2d-411c-b18c-66ba14155506.6e4a2bf348b0cd906129d99c53342a4a.jpeg,,N/A,https://www.walmart.com/ip/8547605671,16.98,N/A,https://www.amazon.com/s?k=Uha%20Mikakuto%20%203.52%20oz%20Candy%20Puchao%20Bubbly%20Soda%20-%20Pack%20of%206,https://www.ebay.com/sch/i.html?_nkw=Uha%20Mikakuto%20%203.52%20oz%20Candy%20Puchao%20Bubbly%20Soda%20-%20Pack%20of%206,https://www.google.com/search?q=Uha%20Mikakuto%20%203.52%20oz%20Candy%20Puchao%20Bubbly%20Soda%20-%20Pack%20of%206,https://seller.walmart.com/catalog/add-items?search=8547605671,N/A,no,no,no,2,0,2,32,UnbeatableSale Local,mfn,$30.61,16,$30.61,$31.22,30.61,16.98,2.91,9.51 %,17.15 %,27.10,15.91,1,NA,N/A,$10.72,$5.45,0,$4.59,15.00%,$0.15,1,$0.53,$0.30 /lb,$0.53,$0.00,$0.00,$0.00,$0.00,0,$0.00,,0,"For better accuracy, we’ve used dimensions from B06W5696F8 to provide more precise estimates,3 or less sellers","8.46, 6.50, 6.22 in, 1.76 lbs",8.46,6.50,6.22,1.76,N/A,Computer
"05/07/2025, 03:56 AM PDT","05/07/2025, 06:56 AM EDT","05/07/2025, 05:56 AM CDT","05/07/2025, 03:56 AM PDT","Airheads Candy, Chewing Gum, Blue Rasberry Flavor, Sugar Free, Xylitol, 14 Sticks per Pack, Box of 12 Packs",5625306426,100146633688,N/A,N/A,AirHeads,Grocery,Chewing Gum,N/A,N/A,N/A,https://i5.walmartimages.com/seo/Airheads-Candy-Chewing-Gum-Blue-Rasberry-Flavor-Sugar-Free-Xylitol-14-Sticks-per-Pack-Box-of-12-Packs_ac49bf66-de51-47a9-8091-979557752fe5.6556efcc590a16caac2d994ec25b1682.jpeg,,N/A,https://www.walmart.com/ip/5625306426,14.47,N/A,https://www.amazon.com/s?k=Airheads%20Candy%2C%20Chewing%20Gum%2C%20Blue%20Rasberry%20Flavor%2C%20Sugar%20Free%2C%20Xylitol%2C%2014%20Sticks%20per%20Pack%2C%20Box%20of%2012%20Packs,https://www.ebay.com/sch/i.html?_nkw=Airheads%20Candy%2C%20Chewing%20Gum%2C%20Blue%20Rasberry%20Flavor%2C%20Sugar%20Free%2C%20Xylitol%2C%2014%20Sticks%20per%20Pack%2C%20Box%20of%2012%20Packs,https://www.google.com/search?q=Airheads%20Candy%2C%20Chewing%20Gum%2C%20Blue%20Rasberry%20Flavor%2C%20Sugar%20Free%2C%20Xylitol%2C%2014%20Sticks%20per%20Pack%2C%20Box%20of%2012%20Packs,https://seller.walmart.com/catalog/add-items?search=5625306426,N/A,yes,no,no,7,0,7,165,Iconic Zero Point,mfn,$26.67,1,$26.67,$35.00,26.67,14.47,2.86,10.73 %,19.78 %,23.20,13.87,1,NA,N/A,$9.34,$4.95,0,$4.00,15.00%,$0.02,1,$0.37,$0.30 /lb,$0.37,$0.00,$0.00,$0.00,$0.00,0,$0.00,,0,"For better accuracy, we’ve used dimensions from B073S4SGSL to provide more precise estimates","6.22, 3.62, 2.20 in, 1.22 lbs",6.22,3.62,2.20,1.22,N/A,Computer
"05/07/2025, 04:13 AM PDT","05/07/2025, 07:13 AM EDT","05/07/2025, 06:13 AM CDT","05/07/2025, 04:13 AM PDT","Airheads Taffy Candy Bars, White Mystery, 0.55 Oz /15.6 G (Pack Of 72)",708293828,100412558288,N/A,N/A,AirHeads,Grocery,Taffy Candy,N/A,N/A,N/A,https://i5.walmartimages.com/seo/Airheads-Taffy-Candy-Bars-White-Mystery-0-55-Oz-15-6-G-Pack-Of-72_84f23984-0f20-41fc-867c-e6cd55d08e26.54aeefe5fec2076e4a447192a5c735e6.jpeg,,N/A,https://www.walmart.com/ip/708293828,18.72,N/A,https://www.amazon.com/s?k=Airheads%20Taffy%20Candy%20Bars%2C%20White%20Mystery%2C%200.55%20Oz%20%2F15.6%20G%20(Pack%20Of%2072),https://www.ebay.com/sch/i.html?_nkw=Airheads%20Taffy%20Candy%20Bars%2C%20White%20Mystery%2C%200.55%20Oz%20%2F15.6%20G%20(Pack%20Of%2072),https://www.google.com/search?q=Airheads%20Taffy%20Candy%20Bars%2C%20White%20Mystery%2C%200.55%20Oz%20%2F15.6%20G%20(Pack%20Of%2072),https://seller.walmart.com/catalog/add-items?search=708293828,N/A,no,no,no,1,0,1,154,Valyou General,mfn,$33.19,154,$33.19,$33.19,33.19,18.72,2.84,8.56 %,15.19 %,29.75,17.25,1,NA,N/A,$11.63,$5.75,0,$4.98,15.00%,$0.06,1,$0.84,$0.30 /lb,$0.84,$0.00,$0.00,$0.00,$0.00,0,$0.00,,0,"For better accuracy, we’ve used dimensions from B00D8UXQNC to provide more precise estimates,3 or less sellers","7.91, 6.30, 2.72 in, 2.80 lbs",7.91,6.30,2.72,2.80,N/A,Computer
"05/01/2025, 11:37 PM PDT","05/02/2025, 02:37 AM EDT","05/02/2025, 01:37 AM CDT","05/01/2025, 11:37 PM PDT","Beach Bucket Toys N' Treats, 1.48 Ounce Candy Filled Mini Beach Buckets - 12 Count Display Box",288767528,48014361700,12,2,Foreign Candy Company,Toys & Games,Sand Toys,FOREIGN CANDY,N/A,605440,https://i5.walmartimages.com/seo/Beach-Bucket-Toys-N-Treats-1-48-Ounce-Candy-Filled-Mini-Beach-Buckets-12-Count-Display-Box_7308f89e-3239-4060-9e91-e01cd8704137.b504bc1fccaddb880df3c634a7e90dd0.jpeg,,N/A,https://www.walmart.com/ip/288767528,40.2,N/A,https://www.amazon.com/s?k=Beach%20Bucket%20Toys%20N'%20Treats%2C%201.48%20Ounce%20Candy%20Filled%20Mini%20Beach%20Buckets%20-%2012%20Count%20Display%20Box,https://www.ebay.com/sch/i.html?_nkw=Beach%20Bucket%20Toys%20N'%20Treats%2C%201.48%20Ounce%20Candy%20Filled%20Mini%20Beach%20Buckets%20-%2012%20Count%20Display%20Box,https://www.google.com/search?q=Beach%20Bucket%20Toys%20N'%20Treats%2C%201.48%20Ounce%20Candy%20Filled%20Mini%20Beach%20Buckets%20-%2012%20Count%20Display%20Box,https://seller.walmart.com/catalog/add-items?search=288767528,N/A,no,no,no,2,0,2,11,BiG Confections,mfn,$58.99,5,$58.99,$80.50,58.99,40.2,2.82,4.79 %,7.02 %,55.60,34.42,1,NA,N/A,$15.97,$6.15,0,$8.85,15.00%,$0.25,1,$0.72,$0.30 /lb,$0.72,$0.00,$0.00,$0.00,$0.00,0,$0.00,,0,"The listing has 2 variations,For better accuracy, we’ve used dimensions from B0CZ7N329D to provide more precise estimates,3 or less sellers","10.55, 10.24, 5.28 in, 2.40 lbs",10.55,10.24,5.28,2.40,N/A,Computer
"05/06/2025, 12:09 AM PDT","05/06/2025, 03:09 AM EDT","05/06/2025, 02:09 AM CDT","05/06/2025, 12:09 AM PDT",MINIONS STUART LIGHT UP TALKER CANDY 0.53 oz each (12 ct) A MOVIE EXCLUSIVE,873541821,657789554400,N/A,N/A,N/A,Grocery,Fruit Flavored Candy,N/A,N/A,N/A,https://i5.walmartimages.com/seo/MINIONS-STUART-LIGHT-UP-TALKER-CANDY-0-53-oz-each-12-ct-A-MOVIE-EXCLUSIVE_1cef414a-b2b7-4fe3-8917-c619d546d2fd_1.0c49ed804acc4077899a6dd938413ec7.jpeg,,N/A,https://www.walmart.com/ip/873541821,58.2,N/A,https://www.amazon.com/s?k=MINIONS%20STUART%20LIGHT%20UP%20TALKER%20CANDY%200.53%20oz%20each%20(12%20ct)%20A%20MOVIE%20EXCLUSIVE,https://www.ebay.com/sch/i.html?_nkw=MINIONS%20STUART%20LIGHT%20UP%20TALKER%20CANDY%200.53%20oz%20each%20(12%20ct)%20A%20MOVIE%20EXCLUSIVE,https://www.google.com/search?q=MINIONS%20STUART%20LIGHT%20UP%20TALKER%20CANDY%200.53%20oz%20each%20(12%20ct)%20A%20MOVIE%20EXCLUSIVE,https://seller.walmart.com/catalog/add-items?search=873541821,N/A,no,no,no,1,0,1,3,Grab Deals LLC,mfn,$78.65,3,$78.65,$78.65,78.65,58.2,2.74,3.48 %,4.70 %,75.35,48.75,1,NA,N/A,$17.71,$5.45,0,$11.80,15.00%,$0.12,1,$0.34,$0.30 /lb,$0.34,$0.00,$0.00,$0.00,$0.00,0,$0.00,,0,"For better accuracy, we’ve used dimensions from B00W5U83U2 to provide more precise estimates,3 or less sellers","7.48, 6.38, 5.79 in, 1.15 lbs",7.48,6.38,5.79,1.15,N/A,Computer
"04/30/2025, 06:15 AM PDT","04/30/2025, 09:15 AM EDT","04/30/2025, 08:15 AM CDT","04/30/2025, 06:15 AM PDT","Justin's Dark Chocolate Peanut Candy Pieces 12pk of 1.5oz bags Organic, Gluten Free, Non-GMO, Responsibly Source, Rainforest Alliance Certified CocoaTA1",16296357973,0,N/A,N/A,Justin's,Grocery,Chocolate Candy,N/A,N/A,N/A,https://i5.walmartimages.com/seo/Justin-s-Dark-Chocolate-Peanut-Candy-Pieces-12pk-1-5oz-bags-Organic-Gluten-Free-Non-GMO-Responsibly-Source-Rainforest-Alliance-Certified-CocoaTA1_843c8958-fc34-4e9d-b19c-7f14d910a320.c396a37c9a87387135c56e551f0b73d3.jpeg,,N/A,https://www.walmart.com/ip/16296357973,27.12,https://www.amazon.com/dp/undefined,https://www.amazon.com/s?k=Justin's%20Dark%20Chocolate%20Peanut%20Candy%20Pieces%2012pk%20of%201.5oz%20bags%20Organic%2C%20Gluten%20Free%2C%20Non-GMO%2C%20Responsibly%20Source%2C%20Rainforest%20Alliance%20Certified%20CocoaTA1,https://www.ebay.com/sch/i.html?_nkw=Justin's%20Dark%20Chocolate%20Peanut%20Candy%20Pieces%2012pk%20of%201.5oz%20bags%20Organic%2C%20Gluten%20Free%2C%20Non-GMO%2C%20Responsibly%20Source%2C%20Rainforest%20Alliance%20Certified%20CocoaTA1,https://www.google.com/search?q=Justin's%20Dark%20Chocolate%20Peanut%20Candy%20Pieces%2012pk%20of%201.5oz%20bags%20Organic%2C%20Gluten%20Free%2C%20Non-GMO%2C%20Responsibly%20Source%2C%20Rainforest%20Alliance%20Certified%20CocoaTA1,https://seller.walmart.com/catalog/add-items?search=16296357973,N/A,no,no,no,1,0,1,12,systemlogicsllc,mfn,$41.44,12,$41.44,$41.44,41.44,27.12,2.71,6.53 %,9.98 %,38.15,23.86,1,,N/A,$11.61,$4.95,0,$6.22,15.00%,$0.09,1,$0.36,$0.30 /lb,$0.36,$0.00,$0.00,$0.00,$0.00,0,$0.00,,0,"For better accuracy, we’ve used dimensions from B0CL2GCKDV to provide more precise estimates,3 or less sellers","6.22, 5.98, 5.39 in, 1.20 lbs",6.22,5.98,5.39,1.20,N/A,Computer
"04/29/2025, 04:03 AM PDT","04/29/2025, 07:03 AM EDT","04/29/2025, 06:03 AM CDT","04/29/2025, 04:03 AM PDT",HI-CHEW Stick Acai 1.76oz,637754600,857983004941,"Acai, Single",1,HI-CHEW,Grocery,Chewy Candy,N/A,N/A,I00101919,https://i5.walmartimages.com/seo/HI-CHEW-Stick-Acai-1-76oz_e7bfd77e-278a-4eb1-80ec-9de3b6e60b11.c301abf985e2484c5ecfe7940d241bc0.jpeg,,N/A,https://www.walmart.com/ip/637754600,1.23,https://www.amazon.com/dp/B07B4PKR82,https://www.amazon.com/s?k=HI-CHEW%20Stick%20Acai%201.76oz,https://www.ebay.com/sch/i.html?_nkw=HI-CHEW%20Stick%20Acai%201.76oz,https://www.google.com/search?q=HI-CHEW%20Stick%20Acai%201.76oz,https://seller.walmart.com/catalog/add-items?search=637754600,N/A,no,no,no,1,0,1,155,Valyou General,mfn,$9.15,155,$9.15,$9.15,9.15,1.23,2.7,29.55 %,219.80 %,6.15,3.15,1,OOS,N/A,$5.22,$3.45,0,$0.73,8.00%,$0.00,1,$1.03,$0.30 /lb,$0.03,$0.00,$0.00,$0.00,$0.00,0,$0.00,,0,"Pulling package information from B07B4PKR82 via amazon.com,3 or less sellers","4.21, 1.22, 0.67 in, 0.11 lbs",4.21,1.22,0.67,0.11,N/A,Computer
"05/06/2025, 12:32 AM PDT","05/06/2025, 03:32 AM EDT","05/06/2025, 02:32 AM CDT","05/06/2025, 12:32 AM PDT",Boston America Nintendo The Legend of Zelda Mints Candy,110569585,611508558407,N/A,N/A,Boston America,Grocery,Mint Candy,N/A,N/A,N/A,https://i5.walmartimages.com/seo/Boston-America-Nintendo-The-Legend-of-Zelda-Mints-Candy_f5524bd3-be75-4aba-a3c1-ba728460e8ef_1.45984c3f6d34e5f2c899b5d059e8368a.jpeg,,N/A,https://www.walmart.com/ip/110569585,38.52,https://www.amazon.com/dp/B01AII9Y82,https://www.amazon.com/s?k=Boston%20America%20Nintendo%20The%20Legend%20of%20Zelda%20Mints%20Candy,https://www.ebay.com/sch/i.html?_nkw=Boston%20America%20Nintendo%20The%20Legend%20of%20Zelda%20Mints%20Candy,https://www.google.com/search?q=Boston%20America%20Nintendo%20The%20Legend%20of%20Zelda%20Mints%20Candy,https://seller.walmart.com/catalog/add-items?search=110569585,N/A,no,no,no,2,0,2,3,BiG Confections,mfn,$54.99,1,$54.99,$78.75,54.99,38.52,2.7,4.91 %,7.01 %,51.70,32.98,1,$54.99,N/A,$13.77,$4.95,0,$8.25,15.00%,$0.06,1,$0.52,$0.30 /lb,$0.52,$0.00,$0.00,$0.00,$0.00,0,$0.00,,0,"Pulling package information from B01AII9Y82 via amazon.com,3 or less sellers","7.09, 5.83, 3.07 in, 1.72 lbs",7.09,5.83,3.07,1.72,N/A,Computer
"04/30/2025, 06:26 AM PDT","04/30/2025, 09:26 AM EDT","04/30/2025, 08:26 AM CDT","04/30/2025, 06:26 AM PDT",Lily's 40% Chocolate Bar -Salted Caramel,226589374,810003460783,N/A,N/A,Lily's,Grocery,Candy Bars & Miniatures,N/A,N/A,N/A,https://i5.walmartimages.com/seo/Lily-s-40-Chocolate-Bar-Salted-Caramel_55f22a3e-117d-4504-bb1e-ec13b400958c.1cd81fb573fac9a0078204249733aedd.png,,N/A,https://www.walmart.com/ip/226589374,3.9,https://www.amazon.com/dp/B07HL574CS,https://www.amazon.com/s?k=Lily's%2040%25%20Chocolate%20Bar%20-Salted%20Caramel,https://www.ebay.com/sch/i.html?_nkw=Lily's%2040%25%20Chocolate%20Bar%20-Salted%20Caramel,https://www.google.com/search?q=Lily's%2040%25%20Chocolate%20Bar%20-Salted%20Caramel,https://seller.walmart.com/catalog/add-items?search=226589374,N/A,no,no,no,3,0,3,23,Nexus Supply Co,mfn,$15.09,10,$14.99,$21.49,15.09,3.9,2.67,17.71 %,68.52 %,10.95,5.26,1,$25.11,200+ units sold this month on Amazon,$8.52,$5.45,0,$2.26,15.00%,$0.08,1,$0.72,$0.30 /lb,$0.72,$0.00,$0.00,$0.00,$0.00,0,$0.00,3.7,3,"Pulling package information from B07HL574CS via amazon.com,3 or less sellers","7.52, 7.52, 3.43 in, 2.40 lbs",7.52,7.52,3.43,2.40,N/A,Computer
"04/29/2025, 06:35 AM PDT","04/29/2025, 09:35 AM EDT","04/29/2025, 08:35 AM CDT","04/29/2025, 06:35 AM PDT",1.76 oz Gummy Watermelon - Pack of 12,5232521281,734272126426,N/A,N/A,Kasugai,Grocery,Gummy Candy,N/A,N/A,N/A,https://i5.walmartimages.com/seo/1-76-oz-Gummy-Watermelon-Pack-of-12_7cab131c-4b35-4a6a-b6b2-c415adcd6b20.8b8b72b50abc726fb694943b6513df4b.jpeg,,N/A,https://www.walmart.com/ip/5232521281,16.8,N/A,https://www.amazon.com/s?k=1.76%20oz%20Gummy%20Watermelon%20-%20Pack%20of%2012,https://www.ebay.com/sch/i.html?_nkw=1.76%20oz%20Gummy%20Watermelon%20-%20Pack%20of%2012,https://www.google.com/search?q=1.76%20oz%20Gummy%20Watermelon%20-%20Pack%20of%2012,https://seller.walmart.com/catalog/add-items?search=5232521281,N/A,no,no,no,2,0,2,32,UnbeatableSale Local,mfn,$30.45,16,$30.45,$36.36,30.45,16.8,2.6,8.53 %,15.47 %,27.30,15.52,1,NA,N/A,$11.05,$5.75,0,$4.57,15.00%,$0.18,1,$0.56,$0.30 /lb,$0.56,$0.00,$0.00,$0.00,$0.00,0,$0.00,,0,"For better accuracy, we’ve used dimensions from B00IGZ7AXG to provide more precise estimates,3 or less sellers","9.29, 8.23, 5.31 in, 1.86 lbs",9.29,8.23,5.31,1.86,N/A,Computer
"05/02/2025, 12:33 AM PDT","05/02/2025, 03:33 AM EDT","05/02/2025, 02:33 AM CDT","05/02/2025, 12:33 AM PDT",Mini Dino Doo Jurassic Droppings Candy Dispenser .32 oz.,183377599,686464314206,0,1,Kidsmania,Home & Garden,Dried Food Dispensers,Beauty Serivice Pro,Beauty Serivice Pro,N/A,https://i5.walmartimages.com/seo/Mini-Dino-Doo-Jurassic-Droppings-Candy-Dispenser-32-oz_f6b7b963-64a9-406c-b7eb-f5d2e91912a0.cbd73cce8130fc1f3c7374abfefe1640.jpeg,,N/A,https://www.walmart.com/ip/183377599,15.24,N/A,https://www.amazon.com/s?k=Mini%20Dino%20Doo%20Jurassic%20Droppings%20Candy%20Dispenser%20.32%20oz.,https://www.ebay.com/sch/i.html?_nkw=Mini%20Dino%20Doo%20Jurassic%20Droppings%20Candy%20Dispenser%20.32%20oz.,https://www.google.com/search?q=Mini%20Dino%20Doo%20Jurassic%20Droppings%20Candy%20Dispenser%20.32%20oz.,https://seller.walmart.com/catalog/add-items?search=183377599,N/A,no,no,no,3,0,3,16,CNE LLC,mfn,$27.98,3,$27.97,$30.17,27.98,15.24,2.58,9.21 %,16.91 %,24.85,14.25,1,NA,N/A,$10.16,$5.45,0,$4.20,15.00%,$0.11,1,$0.41,$0.30 /lb,$0.41,$0.00,$0.00,$0.00,$0.00,0,$0.00,5,1,"For better accuracy, we’ve used dimensions from B07GZZVYV5 to provide more precise estimates,3 or less sellers","9.69, 8.50, 3.11 in, 1.35 lbs",9.69,8.50,3.11,1.35,N/A,Computer
"05/02/2025, 04:08 AM PDT","05/02/2025, 07:08 AM EDT","05/02/2025, 06:08 AM CDT","05/02/2025, 04:08 AM PDT",0.60 oz Froggy Chomp Candy Lollipops - Case of 12,5234565501,729001808841,N/A,N/A,Froggy Chomp,Grocery,Lollipops & Suckers,N/A,N/A,N/A,https://i5.walmartimages.com/seo/0-60-oz-Froggy-Chomp-Candy-Lollipops-Case-of-12_cb5ac8b4-d641-441b-a620-91c59504ca07.014ebf5726ae570d4875c2f9f76344fb.jpeg,,N/A,https://www.walmart.com/ip/5234565501,15.24,N/A,https://www.amazon.com/s?k=0.60%20oz%20Froggy%20Chomp%20Candy%20Lollipops%20-%20Case%20of%2012,https://www.ebay.com/sch/i.html?_nkw=0.60%20oz%20Froggy%20Chomp%20Candy%20Lollipops%20-%20Case%20of%2012,https://www.google.com/search?q=0.60%20oz%20Froggy%20Chomp%20Candy%20Lollipops%20-%20Case%20of%2012,https://seller.walmart.com/catalog/add-items?search=5234565501,N/A,no,no,no,4,0,4,71,Grab Deals LLC,mfn,$27.99,30,$27.99,$32.40,27.99,15.24,2.52,9.01 %,16.55 %,24.95,14.21,1,NA,N/A,$10.23,$5.45,0,$4.20,15.00%,$0.13,1,$0.44,$0.30 /lb,$0.44,$0.00,$0.00,$0.00,$0.00,0,$0.00,,0,"For better accuracy, we’ve used dimensions from B00R4LWUAG to provide more precise estimates","8.35, 6.69, 5.55 in, 1.48 lbs",8.35,6.69,5.55,1.48,N/A,Computer
"04/30/2025, 03:23 AM PDT","04/30/2025, 06:23 AM EDT","04/30/2025, 05:23 AM CDT","04/30/2025, 03:23 AM PDT",Chocolate Covered Caramels (3 Pouches - 24 pieces),10443024412,810161100675,N/A,N/A,ChocoRite,Grocery,Caramel Candy,N/A,N/A,N/A,https://i5.walmartimages.com/seo/Chocolate-Covered-Caramels-3-Pouches-24-pieces_bdcf7307-a8f5-456b-977c-780b4a2c5962.2ea59e4d44c419e5475785f4b2187dcc.jpeg,,N/A,https://www.walmart.com/ip/10443024412,12.57,N/A,https://www.amazon.com/s?k=Chocolate%20Covered%20Caramels%20(3%20Pouches%20-%2024%20pieces),https://www.ebay.com/sch/i.html?_nkw=Chocolate%20Covered%20Caramels%20(3%20Pouches%20-%2024%20pieces),https://www.google.com/search?q=Chocolate%20Covered%20Caramels%20(3%20Pouches%20-%2024%20pieces),https://seller.walmart.com/catalog/add-items?search=10443024412,N/A,no,no,no,1,0,1,999,HEALTHSMART FOODS INC,mfn,$23.96,999,$23.96,$23.96,23.96,12.57,2.48,10.37 %,19.76 %,20.95,12.04,1,NA,N/A,$8.91,$4.95,0,$3.59,15.00%,$0.12,1,$0.24,$0.30 /lb,$0.24,$0.00,$0.00,$0.00,$0.00,0,$0.00,,0,3 or less sellers,"6.75, 5.50, 7.75 in, 0.79 lbs",6.75,5.50,7.75,0.79,N/A,Computer
"05/02/2025, 12:13 AM PDT","05/02/2025, 03:13 AM EDT","05/02/2025, 02:13 AM CDT","05/02/2025, 12:13 AM PDT",Choco Treasure Surprise Cars with Chocolatey Candy - 12 Count Display Box,5202268954,857541007780,N/A,N/A,Candy Treasure,Grocery,Chocolate & Candy Assortments,N/A,N/A,N/A,https://i5.walmartimages.com/seo/Choco-Treasure-Surprise-Cars-with-Chocolatey-Candy-12-Count-Display-Box_6ca30e74-8cc9-489e-8d5d-54cd32448be0.00399ecdc18c0093200f9984db822c13.jpeg,,N/A,https://www.walmart.com/ip/5202268954,20.9,https://www.amazon.com/dp/B0CG787N5K,https://www.amazon.com/s?k=Choco%20Treasure%20Surprise%20Cars%20with%20Chocolatey%20Candy%20-%2012%20Count%20Display%20Box,https://www.ebay.com/sch/i.html?_nkw=Choco%20Treasure%20Surprise%20Cars%20with%20Chocolatey%20Candy%20-%2012%20Count%20Display%20Box,https://www.google.com/search?q=Choco%20Treasure%20Surprise%20Cars%20with%20Chocolatey%20Candy%20-%2012%20Count%20Display%20Box,https://seller.walmart.com/catalog/add-items?search=5202268954,N/A,yes,no,no,2,0,2,28,National Merchandise Solutions,mfn,$34.53,3,$34.53,$34.53,34.53,20.9,2.46,7.13 %,11.79 %,31.55,18.69,1,$22.99,N/A,$11.17,$5.45,0,$5.18,15.00%,$0.15,1,$0.39,$0.30 /lb,$0.39,$0.00,$0.00,$0.00,$0.00,0,$0.00,,0,"Pulling package information from B0CG787N5K via amazon.com,3 or less sellers","11.50, 9.61, 3.07 in, 1.30 lbs",11.50,9.61,3.07,1.30,N/A,Computer
"04/30/2025, 04:05 AM PDT","04/30/2025, 07:05 AM EDT","04/30/2025, 06:05 AM CDT","04/30/2025, 04:05 AM PDT","Glee Gum All Natural Spearmint Gum, Non GMO Project Verified, Eco Friendly, 16 Piece Box, Pack of 2",541371044,680283177455,N/A,N/A,Glee Gum,Grocery,Chewing Gum,N/A,N/A,N/A,https://i5.walmartimages.com/seo/Glee-Gum-All-Natural-Spearmint-Gum-Non-GMO-Project-Verified-Eco-Friendly-16-Piece-Box-Pack-of-2_066c797d-fa3b-4a57-b772-c190112e6102.e5a8d8704208e30f098a6c5daf67acdb.jpeg,,N/A,https://www.walmart.com/ip/541371044,3.17,N/A,https://www.amazon.com/s?k=Glee%20Gum%20All%20Natural%20Spearmint%20Gum%2C%20Non%20GMO%20Project%20Verified%2C%20Eco%20Friendly%2C%2016%20Piece%20Box%2C%20Pack%20of%202,https://www.ebay.com/sch/i.html?_nkw=Glee%20Gum%20All%20Natural%20Spearmint%20Gum%2C%20Non%20GMO%20Project%20Verified%2C%20Eco%20Friendly%2C%2016%20Piece%20Box%2C%20Pack%20of%202,https://www.google.com/search?q=Glee%20Gum%20All%20Natural%20Spearmint%20Gum%2C%20Non%20GMO%20Project%20Verified%2C%20Eco%20Friendly%2C%2016%20Piece%20Box%2C%20Pack%20of%202,https://seller.walmart.com/catalog/add-items?search=541371044,N/A,no,no,no,0,0,0,0,N/A,N/A,0,,,Price,10.01,3.17,2.34,23.35 %,73.72 %,8.45,4.41,1,NA,N/A,$4.50,$3.45,0,$0.80,8.00%,$0.03,1,$0.22,$0.30 /lb,$0.22,$0.00,$0.00,$0.00,$0.00,0,$0.00,,0,"For better accuracy, we’ve used dimensions from B004N5UL2U to provide more precise estimates,3 or less sellers","4.65, 4.45, 3.03 in, 0.75 lbs",4.65,4.45,3.03,0.75,N/A,Computer
"05/07/2025, 04:20 AM PDT","05/07/2025, 07:20 AM EDT","05/07/2025, 06:20 AM CDT","05/07/2025, 04:20 AM PDT",Altoids Arctic Peppermint Sugar Free Breath Mints - 1.2oz Tin,47584401,22000007698,N/A,N/A,Altoids,Grocery,Mint Candy,N/A,N/A,MCLANE500359612,https://i5.walmartimages.com/seo/Altoids-Arctic-Peppermint-Sugar-Free-Breath-Mints-1-2oz-Tin_c1f3a917-a012-4c2f-9fd6-94bd398eb2e7_1.ea16906f74cbff689e130632c3d4dbab.jpeg,,N/A,https://www.walmart.com/ip/47584401,2.3,https://www.amazon.com/dp/B00MOI2K2M,https://www.amazon.com/s?k=Altoids%20Arctic%20Peppermint%20Sugar%20Free%20Breath%20Mints%20-%201.2oz%20Tin,https://www.ebay.com/sch/i.html?_nkw=Altoids%20Arctic%20Peppermint%20Sugar%20Free%20Breath%20Mints%20-%201.2oz%20Tin,https://www.google.com/search?q=Altoids%20Arctic%20Peppermint%20Sugar%20Free%20Breath%20Mints%20-%201.2oz%20Tin,https://seller.walmart.com/catalog/add-items?search=47584401,N/A,no,no,no,4,0,4,58,Veloura LLC,mfn,$9.90,23,$9.90,$10.61,9.9,2.3,2.32,23.41 %,100.75 %,7.30,3.69,1,OOS,50+ units sold this month on Amazon,$5.28,$3.45,0,$0.79,8.00%,$0.00,1,$1.04,$0.30 /lb,$0.04,$0.00,$0.00,$0.00,$0.00,0,$0.00,4.6,38,Pulling package information from B00MOI2K2M via amazon.com,"2.99, 1.54, 0.87 in, 0.13 lbs",2.99,1.54,0.87,0.13,N/A,Computer
"04/30/2025, 03:36 AM PDT","04/30/2025, 06:36 AM EDT","04/30/2025, 05:36 AM CDT","04/30/2025, 03:36 AM PDT",Milk Chocolate Pecan Cluster (3 Pack),10451152742,810161100651,N/A,N/A,ChocoRite,Grocery,Nut Cluster Candy,N/A,N/A,N/A,https://i5.walmartimages.com/seo/Milk-Chocolate-Pecan-Cluster-3-Pack_e1e195d0-f051-4f27-b314-5371c33fff2b.b94352fa52c2956c402c5935951cb45e.jpeg,,N/A,https://www.walmart.com/ip/10451152742,12.57,N/A,https://www.amazon.com/s?k=Milk%20Chocolate%20Pecan%20Cluster%20(3%20Pack),https://www.ebay.com/sch/i.html?_nkw=Milk%20Chocolate%20Pecan%20Cluster%20(3%20Pack),https://www.google.com/search?q=Milk%20Chocolate%20Pecan%20Cluster%20(3%20Pack),https://seller.walmart.com/catalog/add-items?search=10451152742,N/A,no,no,no,1,0,1,994,HEALTHSMART FOODS INC,mfn,$23.96,994,$23.96,$23.96,23.96,12.57,2.28,9.52 %,18.15 %,21.20,11.88,1,NA,N/A,$9.11,$4.95,0,$3.59,15.00%,$0.09,1,$0.48,$0.30 /lb,$0.48,$0.00,$0.00,$0.00,$0.00,0,$0.00,,0,"For better accuracy, we’ve used dimensions from B0CZ3SQWXH to provide more precise estimates,3 or less sellers","9.45, 7.36, 2.91 in, 1.59 lbs",9.45,7.36,2.91,1.59,N/A,Computer
"04/29/2025, 12:39 AM PDT","04/29/2025, 03:39 AM EDT","04/29/2025, 02:39 AM CDT","04/29/2025, 12:39 AM PDT","Chimes Ginger Chews, Orange,  3.5 oz (100 g)",212987146,51299111083,N/A,N/A,Chimes,Grocery,Chewy Candy,N/A,N/A,CMS11108,https://i5.walmartimages.com/seo/Chimes-Ginger-Chews-Orange-3-5-oz-100-g_f8bc9142-18f2-4f96-9ae8-113534ea3366.b6c93e465e3b1ced24610c68c35388bb.jpeg,,N/A,https://www.walmart.com/ip/212987146,3.48,N/A,https://www.amazon.com/s?k=Chimes%20Ginger%20Chews%2C%20Orange%2C%20%203.5%20oz%20(100%20g),https://www.ebay.com/sch/i.html?_nkw=Chimes%20Ginger%20Chews%2C%20Orange%2C%20%203.5%20oz%20(100%20g),https://www.google.com/search?q=Chimes%20Ginger%20Chews%2C%20Orange%2C%20%203.5%20oz%20(100%20g),https://seller.walmart.com/catalog/add-items?search=212987146,N/A,no,no,no,2,0,2,11,VALUE MART,mfn,$11.99,5,$11.99,$18.67,11.99,3.48,2.25,18.75 %,64.62 %,0.00,4.58,1,NA,N/A,$6.26,$4.95,0,$0.96,8.00%,$0.05,1,$0.30,$0.30 /lb,$0.30,$0.00,$0.00,$0.00,$0.00,0,$0.00,,0,"For better accuracy, we’ve used dimensions from B0CK7VSLZX to provide more precise estimates,3 or less sellers","5.98, 5.00, 4.02 in, 1.00 lbs",5.98,5.00,4.02,1.00,N/A,Computer
"04/30/2025, 12:04 AM PDT","04/30/2025, 03:04 AM EDT","04/30/2025, 02:04 AM CDT","04/30/2025, 12:04 AM PDT","Kracie Popin' Cookin' Diy Japanese Candy Kit , tanoshii Cakes , 26 g",5247463971,37403997477,N/A,N/A,Kracie,Décor,Art & Craft Kits,N/A,N/A,N/A,https://i5.walmartimages.com/seo/Kracie-Popin-Cookin-Diy-Japanese-Candy-Kit-tanoshii-Cakes-26-g_0aaddaa4-eb0a-4fad-805e-951f96c746fe.3f86935d724227d0e26da8c7ae37476a.jpeg,,N/A,https://www.walmart.com/ip/5247463971,3.59,N/A,https://www.amazon.com/s?k=Kracie%20Popin'%20Cookin'%20Diy%20Japanese%20Candy%20Kit%20%2C%20tanoshii%20Cakes%20%2C%2026%20g,https://www.ebay.com/sch/i.html?_nkw=Kracie%20Popin'%20Cookin'%20Diy%20Japanese%20Candy%20Kit%20%2C%20tanoshii%20Cakes%20%2C%2026%20g,https://www.google.com/search?q=Kracie%20Popin'%20Cookin'%20Diy%20Japanese%20Candy%20Kit%20%2C%20tanoshii%20Cakes%20%2C%2026%20g,https://seller.walmart.com/catalog/add-items?search=5247463971,N/A,no,no,no,2,1,1,8,June Street Market,wfs,$10.99,3,$10.99,$10.99,10.99,3.59,2.24,20.37 %,62.35 %,9.45,4.66,1,NA,N/A,$5.16,$3.45,0,$1.65,15.00%,$0.02,1,$0.04,$0.30 /lb,$0.04,$0.00,$0.00,$0.00,$0.00,0,$0.00,5,1,"For better accuracy, we’ve used dimensions from B01N7NBT3X to provide more precise estimates,3 or less sellers","5.91, 5.12, 1.85 in, 0.13 lbs",5.91,5.12,1.85,0.13,N/A,Computer
"05/02/2025, 03:46 AM PDT","05/02/2025, 06:46 AM EDT","05/02/2025, 05:46 AM CDT","05/02/2025, 03:46 AM PDT",Face Twisters Sour Taffy Combo Blue Raspberry & Cherry 1.4 oz. Bar,2127312786,793216520102,Case of 24,2,Schuster Products,Health & Personal Care,"Nutrition Bars, Gels & Chews",N/A,N/A,N/A,https://i5.walmartimages.com/seo/Face-Twisters-Sour-Taffy-Combo-Blue-Raspberry-Cherry-1-4-oz-Bar_08657acf-4369-4600-be8e-585d0effb836.9fc6a51602b1e6dd2ac05293c8e3cca0.jpeg,,N/A,https://www.walmart.com/ip/2127312786,25.2,https://www.amazon.com/dp/B0BRBM58VZ,https://www.amazon.com/s?k=Face%20Twisters%20Sour%20Taffy%20Combo%20Blue%20Raspberry%20%26%20Cherry%201.4%20oz.%20Bar,https://www.ebay.com/sch/i.html?_nkw=Face%20Twisters%20Sour%20Taffy%20Combo%20Blue%20Raspberry%20%26%20Cherry%201.4%20oz.%20Bar,https://www.google.com/search?q=Face%20Twisters%20Sour%20Taffy%20Combo%20Blue%20Raspberry%20%26%20Cherry%201.4%20oz.%20Bar,https://seller.walmart.com/catalog/add-items?search=2127312786,N/A,no,no,no,2,1,1,46,Valyou General,mfn,$39.40,25,$39.40,$49.95,39.4,25.2,2.08,5.28 %,8.25 %,36.85,21.82,1,$40.99,N/A,$12.12,$5.45,0,$5.91,15.00%,$0.06,1,$0.70,$0.30 /lb,$0.70,$0.00,$0.00,$0.00,$0.00,0,$0.00,5,1,"The listing has 2 variations,Pulling package information from B0BRBM58VZ via amazon.com,3 or less sellers","7.99, 5.91, 2.99 in, 2.33 lbs",7.99,5.91,2.99,2.33,N/A,Computer
"05/03/2025, 12:48 AM PDT","05/03/2025, 03:48 AM EDT","05/03/2025, 02:48 AM CDT","05/03/2025, 12:48 AM PDT","Herbert's Best Halloween Spooky Eyez, 1.3 Ounce Box - 7 Count Display Box",5117166672,813805990007,N/A,N/A,Herbert's Best,Grocery,Gummy Candy,N/A,N/A,N/A,https://i5.walmartimages.com/seo/Herbert-s-Best-Halloween-Spooky-Eyez-1-3-Ounce-Box-7-Count-Display-Box_719acbe8-b2fd-4543-a84c-d6bc975526f8.06b7562ef5a1fd640ef74a42fd25d2d7.jpeg,,N/A,https://www.walmart.com/ip/5117166672,9.8,https://www.amazon.com/dp/B0BSCSTNYT,https://www.amazon.com/s?k=Herbert's%20Best%20Halloween%20Spooky%20Eyez%2C%201.3%20Ounce%20Box%20-%207%20Count%20Display%20Box,https://www.ebay.com/sch/i.html?_nkw=Herbert's%20Best%20Halloween%20Spooky%20Eyez%2C%201.3%20Ounce%20Box%20-%207%20Count%20Display%20Box,https://www.google.com/search?q=Herbert's%20Best%20Halloween%20Spooky%20Eyez%2C%201.3%20Ounce%20Box%20-%207%20Count%20Display%20Box,https://seller.walmart.com/catalog/add-items?search=5117166672,N/A,no,no,no,1,0,1,33,BiG Confections,mfn,$21.99,33,$21.99,$21.99,21.99,9.8,2.02,9.19 %,20.62 %,19.50,9.46,1,OOS,N/A,$10.17,$5.75,0,$3.30,15.00%,$0.19,1,$0.93,$0.30 /lb,$0.93,$0.00,$0.00,$0.00,$0.00,0,$0.00,,0,"For better accuracy, we’ve used dimensions from B0CJFWPTWQ to provide more precise estimates,3 or less sellers","12.91, 7.83, 4.41 in, 3.09 lbs",12.91,7.83,4.41,3.09,N/A,Computer
"05/07/2025, 04:15 AM PDT","05/07/2025, 07:15 AM EDT","05/07/2025, 06:15 AM CDT","05/07/2025, 04:15 AM PDT","Airheads Xtremes Sweetly Sour Candy Belts, Bluest Raspberry, 2 Ounce",117026173,73390008277,N/A,N/A,AirHeads,Grocery,Fruit Flavored Candy,N/A,N/A,N/A,https://i5.walmartimages.com/seo/Airheads-Xtremes-Sweetly-Sour-Candy-Belts-Bluest-Raspberry-2-Ounce_e461d7bc-cb7a-48c6-ac43-d78485faff78.20ac76d13d0c8ffa821971a839d634fd.jpeg,,N/A,https://www.walmart.com/ip/117026173,1.24,https://www.amazon.com/dp/B01IDSAQ36,https://www.amazon.com/s?k=Airheads%20Xtremes%20Sweetly%20Sour%20Candy%20Belts%2C%20Bluest%20Raspberry%2C%202%20Ounce,https://www.ebay.com/sch/i.html?_nkw=Airheads%20Xtremes%20Sweetly%20Sour%20Candy%20Belts%2C%20Bluest%20Raspberry%2C%202%20Ounce,https://www.google.com/search?q=Airheads%20Xtremes%20Sweetly%20Sour%20Candy%20Belts%2C%20Bluest%20Raspberry%2C%202%20Ounce,https://seller.walmart.com/catalog/add-items?search=117026173,N/A,no,no,no,0,0,0,0,N/A,N/A,0,,,Price,8.48,1.24,2.01,23.65 %,161.75 %,6.20,2.60,1,OOS,N/A,$5.23,$3.45,0,$0.68,8.00%,$0.09,1,$1.01,$0.30 /lb,$0.01,$0.00,$0.00,$0.00,$0.00,0,$0.00,4.3,6,"Walmart.com is on the listing,For better accuracy, we’ve used dimensions from B0093IXJJE to provide more precise estimates,3 or less sellers","9.65, 6.54, 3.43 in, 0.04 lbs",9.65,6.54,3.43,0.04,N/A,Computer
"04/30/2025, 03:46 AM PDT","04/30/2025, 06:46 AM EDT","04/30/2025, 05:46 AM CDT","04/30/2025, 03:46 AM PDT","Gem Gem Ginger Candy Chewy Ginger Chews Lemon, 5.0oz, Pack of 1",929230774,857281004094,"Lemon, 5 Ounce Pack of 1, Single",11,Gem Gem,Grocery,Chewy Candy,N/A,N/A,N/A,https://i5.walmartimages.com/seo/Gem-Gem-Ginger-Candy-Chewy-Ginger-Chews-Lemon-5-0oz-Pack-of-1_9711f821-6c3c-443c-ab1b-7412e3ada05b_1.9cf903825892d518af3d13e1c616b523.jpeg,,N/A,https://www.walmart.com/ip/929230774,2.67,https://www.amazon.com/dp/B07DYKMWN5,https://www.amazon.com/s?k=Gem%20Gem%20Ginger%20Candy%20Chewy%20Ginger%20Chews%20Lemon%2C%205.0oz%2C%20Pack%20of%201,https://www.ebay.com/sch/i.html?_nkw=Gem%20Gem%20Ginger%20Candy%20Chewy%20Ginger%20Chews%20Lemon%2C%205.0oz%2C%20Pack%20of%201,https://www.google.com/search?q=Gem%20Gem%20Ginger%20Candy%20Chewy%20Ginger%20Chews%20Lemon%2C%205.0oz%2C%20Pack%20of%201,https://seller.walmart.com/catalog/add-items?search=929230774,N/A,no,no,no,1,0,1,875,Brothers Trading LLC,mfn,$9.99,875,$9.99,$9.99,9.99,2.67,1.95,19.49 %,72.91 %,7.80,3.69,1,$9.60,50+ units sold this month on Amazon,$5.37,$3.45,0,$0.80,8.00%,$0.03,1,$1.10,$0.30 /lb,$0.10,$0.00,$0.00,$0.00,$0.00,0,$0.00,4.4,102,"The listing has 11 variations,Pulling package information from B07DYKMWN5 via amazon.com,3 or less sellers","6.89, 5.24, 1.61 in, 0.33 lbs",6.89,5.24,1.61,0.33,N/A,Computer
"04/30/2025, 03:50 AM PDT","04/30/2025, 06:50 AM EDT","04/30/2025, 05:50 AM CDT","04/30/2025, 03:50 AM PDT","Gem Gem Ginger Candy Chewy Ginger Chews Orange, 5.0oz, Pack of 1",204977842,857281004049,"Orange, 5 Ounce Pack of 1, Single",11,Gem Gem,Grocery,Chewy Candy,N/A,N/A,N/A,https://i5.walmartimages.com/seo/Gem-Gem-Ginger-Candy-Chewy-Ginger-Chews-Orange-5-0oz-Pack-of-1_b1f51a1c-c1af-476a-a5ce-14b8113e7bc4.91b38d917978153aea855d81f6572805.jpeg,,N/A,https://www.walmart.com/ip/204977842,2.67,https://www.amazon.com/dp/B07DYKNCFL,https://www.amazon.com/s?k=Gem%20Gem%20Ginger%20Candy%20Chewy%20Ginger%20Chews%20Orange%2C%205.0oz%2C%20Pack%20of%201,https://www.ebay.com/sch/i.html?_nkw=Gem%20Gem%20Ginger%20Candy%20Chewy%20Ginger%20Chews%20Orange%2C%205.0oz%2C%20Pack%20of%201,https://www.google.com/search?q=Gem%20Gem%20Ginger%20Candy%20Chewy%20Ginger%20Chews%20Orange%2C%205.0oz%2C%20Pack%20of%201,https://seller.walmart.com/catalog/add-items?search=204977842,N/A,no,no,no,3,0,3,981,Brothers Trading LLC,mfn,$9.99,975,$9.99,$12.50,9.99,2.67,1.93,19.33 %,72.33 %,7.80,3.68,1,$8.49,N/A,$5.39,$3.45,0,$0.80,8.00%,$0.03,1,$1.10,$0.30 /lb,$0.10,$0.00,$0.00,$0.00,$0.00,0,$0.00,4.4,102,"The listing has 11 variations,Pulling package information from B07DYKNCFL via amazon.com,3 or less sellers","7.24, 5.39, 2.05 in, 0.35 lbs",7.24,5.39,2.05,0.35,N/A,Computer
"05/02/2025, 03:36 AM PDT","05/02/2025, 06:36 AM EDT","05/02/2025, 05:36 AM CDT","05/02/2025, 03:36 AM PDT","Efrutti Gummi Pizza, 0.55 oz, 48 ct",1176118119,799793414421,N/A,N/A,efrutti,Grocery,Gummy Candy,N/A,N/A,N/A,https://i5.walmartimages.com/seo/Efrutti-Gummi-Pizza-0-55-oz-48-ct_f2a83c96-bf24-46d7-92e4-e541453aed9f.7b38ccca6bac1e5c9d00cb151affa9a1.jpeg,,N/A,https://www.walmart.com/ip/1176118119,14.88,N/A,https://www.amazon.com/s?k=Efrutti%20Gummi%20Pizza%2C%200.55%20oz%2C%2048%20ct,https://www.ebay.com/sch/i.html?_nkw=Efrutti%20Gummi%20Pizza%2C%200.55%20oz%2C%2048%20ct,https://www.google.com/search?q=Efrutti%20Gummi%20Pizza%2C%200.55%20oz%2C%2048%20ct,https://seller.walmart.com/catalog/add-items?search=1176118119,N/A,no,no,no,2,0,2,7,AJ Candy & More,mfn,$26.99,5,$26.99,$30.91,26.99,14.88,1.83,6.77 %,12.28 %,24.75,13.37,1,NA,N/A,$10.28,$5.45,0,$4.05,15.00%,$0.09,1,$0.69,$0.30 /lb,$0.69,$0.00,$0.00,$0.00,$0.00,0,$0.00,,0,"For better accuracy, we’ve used dimensions from B0D92RQK91 to provide more precise estimates,3 or less sellers","8.86, 6.02, 3.94 in, 2.31 lbs",8.86,6.02,3.94,2.31,N/A,Computer
"05/02/2025, 04:23 AM PDT","05/02/2025, 07:23 AM EDT","05/02/2025, 06:23 AM CDT","05/02/2025, 04:23 AM PDT",Tootsie Dots Ghosts Chewy Candy Theater Box 6 oz,3521458226,968864584169,N/A,N/A,Tootsie,Grocery,Chewy Candy,N/A,N/A,N/A,https://i5.walmartimages.com/seo/Tootsie-Dots-Ghosts-Chewy-Candy-Theater-Box-6-oz_4563fc70-a5dd-47d9-b4e1-0138e4b6c528.4e8e5bc274292775f4c1ecf05f792ffb.jpeg,,N/A,https://www.walmart.com/ip/3521458226,1.67,N/A,https://www.amazon.com/s?k=Tootsie%20Dots%20Ghosts%20Chewy%20Candy%20Theater%20Box%206%20oz,https://www.ebay.com/sch/i.html?_nkw=Tootsie%20Dots%20Ghosts%20Chewy%20Candy%20Theater%20Box%206%20oz,https://www.google.com/search?q=Tootsie%20Dots%20Ghosts%20Chewy%20Candy%20Theater%20Box%206%20oz,https://seller.walmart.com/catalog/add-items?search=3521458226,N/A,no,no,no,0,0,0,0,N/A,N/A,0,,,Price,12.99,1.67,1.83,14.07 %,109.44 %,10.90,2.80,1,NA,N/A,$9.49,$6.55,0,$1.04,8.00%,$0.23,1,$1.67,$0.30 /lb,$1.67,$0.00,$0.00,$0.00,$0.00,0,$0.00,,0,"For better accuracy, we’ve used dimensions from B0B9V37R3F to provide more precise estimates,3 or less sellers","13.43, 9.25, 4.25 in, 5.58 lbs",13.43,9.25,4.25,5.58,N/A,Computer
"05/02/2025, 04:31 AM PDT","05/02/2025, 07:31 AM EDT","05/02/2025, 06:31 AM CDT","05/02/2025, 04:31 AM PDT",Gold Mine Giant Nugget Bubble Gum - 8.82-oz. Bag,344806755,798051041188,Case of 12,1,Espeez,Grocery,Chewing Gum,N/A,N/A,N/A,https://i5.walmartimages.com/seo/Gold-Mine-Giant-Nugget-Bubble-Gum-8-82-oz-Bag_cc2d66c4-aed8-488f-9cdc-c927a5e4030a.6180ab0f57cdbfdda92a69d330258aa3.jpeg,,N/A,https://www.walmart.com/ip/344806755,67.68,https://www.amazon.com/dp/B08KWLDMPJ,https://www.amazon.com/s?k=Gold%20Mine%20Giant%20Nugget%20Bubble%20Gum%20-%208.82-oz.%20Bag,https://www.ebay.com/sch/i.html?_nkw=Gold%20Mine%20Giant%20Nugget%20Bubble%20Gum%20-%208.82-oz.%20Bag,https://www.google.com/search?q=Gold%20Mine%20Giant%20Nugget%20Bubble%20Gum%20-%208.82-oz.%20Bag,https://seller.walmart.com/catalog/add-items?search=344806755,N/A,no,no,no,0,0,0,0,N/A,N/A,0,,,Price,92.5,67.68,1.82,1.97 %,2.69 %,90.25,55.60,1,OOS,N/A,$23.00,$6.95,0,$13.88,15.00%,$0.17,1,$2.01,$0.30 /lb,$2.01,$0.00,$0.00,$0.00,$0.00,0,$0.00,,0,"Pulling package information from B08KWLDMPJ via amazon.com,3 or less sellers","12.72, 6.06, 4.96 in, 6.70 lbs",12.72,6.06,4.96,6.70,N/A,Computer
"04/29/2025, 04:42 AM PDT","04/29/2025, 07:42 AM EDT","04/29/2025, 06:42 AM CDT","04/29/2025, 04:42 AM PDT",Morinaga Hi-Chew Fruity Chewy Candy - Sweet & Sour Mix 3.17 oz (Pack of 2),5357153067,37403999938,N/A,N/A,HI-CHEW,Grocery,Chewy Candy,N/A,N/A,N/A,https://i5.walmartimages.com/seo/Morinaga-Hi-Chew-Fruity-Chewy-Candy-Sweet-Sour-Mix-3-17-oz-Pack-of-2_d017725e-eaa9-4a96-a839-bce7e6d7b1d5.6b7c69105bacbb84c82dcd0894a11b47.jpeg,,N/A,https://www.walmart.com/ip/5357153067,5.58,N/A,https://www.amazon.com/s?k=Morinaga%20Hi-Chew%20Fruity%20Chewy%20Candy%20-%20Sweet%20%26%20Sour%20Mix%203.17%20oz%20(Pack%20of%202),https://www.ebay.com/sch/i.html?_nkw=Morinaga%20Hi-Chew%20Fruity%20Chewy%20Candy%20-%20Sweet%20%26%20Sour%20Mix%203.17%20oz%20(Pack%20of%202),https://www.google.com/search?q=Morinaga%20Hi-Chew%20Fruity%20Chewy%20Candy%20-%20Sweet%20%26%20Sour%20Mix%203.17%20oz%20(Pack%20of%202),https://seller.walmart.com/catalog/add-items?search=5357153067,N/A,no,no,no,4,0,4,35,King of Sweets,mfn,$11.99,14,$11.99,$15.99,11.99,5.58,1.75,14.56 %,31.28 %,10.00,5.86,1,NA,N/A,$4.66,$3.45,0,$0.96,8.00%,$0.05,1,$0.20,$0.30 /lb,$0.20,$0.00,$0.00,$0.00,$0.00,0,$0.00,,0,"For better accuracy, we’ve used dimensions from B0B77Z214S to provide more precise estimates","8.07, 6.34, 2.32 in, 0.68 lbs",8.07,6.34,2.32,0.68,N/A,Computer
"05/02/2025, 03:50 AM PDT","05/02/2025, 06:50 AM EDT","05/02/2025, 05:50 AM CDT","05/02/2025, 03:50 AM PDT",Face Twisters Sour Taffy Combo Strawberry & Green Apple 1.4 oz Bar,2581581224,793216510103,N/A,N/A,Face Twisters,Health & Personal Care,"Nutrition Bars, Gels & Chews",N/A,N/A,N/A,https://i5.walmartimages.com/seo/Face-Twisters-Sour-Taffy-Combo-Strawberry-Green-Apple-1-4-oz-Bar_5503e1c8-5260-4007-9bda-b877fb937895.090c09396cbd480604978ca5a90649f1.jpeg,,N/A,https://www.walmart.com/ip/2581581224,25.2,https://www.amazon.com/dp/B0BRBSRF8P,https://www.amazon.com/s?k=Face%20Twisters%20Sour%20Taffy%20Combo%20Strawberry%20%26%20Green%20Apple%201.4%20oz%20Bar,https://www.ebay.com/sch/i.html?_nkw=Face%20Twisters%20Sour%20Taffy%20Combo%20Strawberry%20%26%20Green%20Apple%201.4%20oz%20Bar,https://www.google.com/search?q=Face%20Twisters%20Sour%20Taffy%20Combo%20Strawberry%20%26%20Green%20Apple%201.4%20oz%20Bar,https://seller.walmart.com/catalog/add-items?search=2581581224,N/A,no,no,no,3,0,3,28,BiG Confections,mfn,$38.99,2,$38.99,$53.50,38.99,25.2,1.71,4.39 %,6.79 %,36.90,21.53,1,$31.99,N/A,$12.08,$5.45,0,$5.85,15.00%,$0.06,1,$0.72,$0.30 /lb,$0.72,$0.00,$0.00,$0.00,$0.00,0,$0.00,5,1,"Pulling package information from B0BRBSRF8P via amazon.com,3 or less sellers","7.87, 5.87, 3.07 in, 2.40 lbs",7.87,5.87,3.07,2.40,N/A,Computer
"04/29/2025, 04:22 AM PDT","04/29/2025, 07:22 AM EDT","04/29/2025, 06:22 AM CDT","04/29/2025, 04:22 AM PDT","HI-CHEW Gummies Original Mix - Mango, Peach, Strawberry - Soft & Chewy Fruity Candy 4.23 oz Bags",7293314713,850017589476,N/A,N/A,HI-CHEW,Grocery,Gummy Candy,N/A,N/A,N/A,https://i5.walmartimages.com/seo/HI-CHEW-Gummies-Original-Mix-Mango-Peach-Strawberry-Soft-Chewy-Fruity-Candy-4-23-oz-Bags_9b0d00ea-6ed2-4c4f-92a2-68cfea69f31c.b6d036cc158c60dbc3ad963c934ad523.jpeg,,N/A,https://www.walmart.com/ip/7293314713,1.75,https://www.amazon.com/dp/B0DH68J6H5,https://www.amazon.com/s?k=HI-CHEW%20Gummies%20Original%20Mix%20-%20Mango%2C%20Peach%2C%20Strawberry%20-%20Soft%20%26%20Chewy%20Fruity%20Candy%204.23%20oz%20Bags,https://www.ebay.com/sch/i.html?_nkw=HI-CHEW%20Gummies%20Original%20Mix%20-%20Mango%2C%20Peach%2C%20Strawberry%20-%20Soft%20%26%20Chewy%20Fruity%20Candy%204.23%20oz%20Bags,https://www.google.com/search?q=HI-CHEW%20Gummies%20Original%20Mix%20-%20Mango%2C%20Peach%2C%20Strawberry%20-%20Soft%20%26%20Chewy%20Fruity%20Candy%204.23%20oz%20Bags,https://seller.walmart.com/catalog/add-items?search=7293314713,N/A,no,no,no,1,0,1,62,Shop The King,mfn,$8.64,62,$8.64,$8.64,8.64,1.75,1.66,19.20 %,94.78 %,6.75,2.73,1,OOS,N/A,$5.23,$3.45,0,$0.69,8.00%,$0.01,1,$1.08,$0.30 /lb,$0.08,$0.00,$0.00,$0.00,$0.00,0,$0.00,,0,"Pulling package information from B0DH68J6H5 via amazon.com,3 or less sellers","6.30, 4.53, 0.98 in, 0.26 lbs",6.30,4.53,0.98,0.26,N/A,Computer
"04/29/2025, 04:36 AM PDT","04/29/2025, 07:36 AM EDT","04/29/2025, 06:36 AM CDT","04/29/2025, 04:36 AM PDT","HI-CHEW Gummies Sour Mix - Green Apple, Pineapple, Watermelon - Soft & Chewy Fruity Candy 4.23 oz Bag",7293364364,850017589483,N/A,N/A,HI-CHEW,Grocery,Gummy Candy,N/A,N/A,N/A,https://i5.walmartimages.com/seo/HI-CHEW-Gummies-Sour-Mix-Green-Apple-Pineapple-Watermelon-Soft-Chewy-Fruity-Candy-4-23-oz-Bag_cecbccb1-75db-4967-95a4-afc6377b5700.8dcf2b38dc6f6db53f24472ea865cb3c.jpeg,,N/A,https://www.walmart.com/ip/7293364364,1.75,https://www.amazon.com/dp/B0DH64KRKC,https://www.amazon.com/s?k=HI-CHEW%20Gummies%20Sour%20Mix%20-%20Green%20Apple%2C%20Pineapple%2C%20Watermelon%20-%20Soft%20%26%20Chewy%20Fruity%20Candy%204.23%20oz%20Bag,https://www.ebay.com/sch/i.html?_nkw=HI-CHEW%20Gummies%20Sour%20Mix%20-%20Green%20Apple%2C%20Pineapple%2C%20Watermelon%20-%20Soft%20%26%20Chewy%20Fruity%20Candy%204.23%20oz%20Bag,https://www.google.com/search?q=HI-CHEW%20Gummies%20Sour%20Mix%20-%20Green%20Apple%2C%20Pineapple%2C%20Watermelon%20-%20Soft%20%26%20Chewy%20Fruity%20Candy%204.23%20oz%20Bag,https://seller.walmart.com/catalog/add-items?search=7293364364,N/A,no,no,no,1,0,1,26,Shop The King,mfn,$8.58,26,$8.58,$8.58,8.58,1.75,1.6,18.69 %,91.63 %,6.75,2.68,1,$2.49,N/A,$5.23,$3.45,0,$0.69,8.00%,$0.01,1,$1.08,$0.30 /lb,$0.08,$0.00,$0.00,$0.00,$0.00,0,$0.00,,0,"Pulling package information from B0DH64KRKC via amazon.com,3 or less sellers","6.30, 4.53, 0.98 in, 0.26 lbs",6.30,4.53,0.98,0.26,N/A,Computer
"05/03/2025, 03:12 AM PDT","05/03/2025, 06:12 AM EDT","05/03/2025, 05:12 AM CDT","05/03/2025, 03:12 AM PDT",Icee Double Squeeze Candy 2.8 oz.,810097830,632365626214,2.8 oz,1,Koko's,Grocery,Fruit Flavored Candy,N/A,N/A,N/A,https://i5.walmartimages.com/seo/Icee-Double-Squeeze-Candy-2-8-oz_193a652c-3a9f-4f34-9573-5802c54e0153.7e1a7e8538cdc2e8f192d045f7eb4c63.jpeg,,N/A,https://www.walmart.com/ip/810097830,21,N/A,https://www.amazon.com/s?k=Icee%20Double%20Squeeze%20Candy%202.8%20oz.,https://www.ebay.com/sch/i.html?_nkw=Icee%20Double%20Squeeze%20Candy%202.8%20oz.,https://www.google.com/search?q=Icee%20Double%20Squeeze%20Candy%202.8%20oz.,https://seller.walmart.com/catalog/add-items?search=810097830,N/A,no,no,no,1,0,1,6,Candy Retailer,mfn,$33.98,6,$33.98,$33.98,33.98,21,1.58,4.64 %,7.51 %,32.05,18.06,1,NA,N/A,$11.40,$5.45,0,$5.10,15.00%,$0.08,1,$0.77,$0.30 /lb,$0.77,$0.00,$0.00,$0.00,$0.00,0,$0.00,,0,"For better accuracy, we’ve used dimensions from B0B1F9886R to provide more precise estimates,3 or less sellers","6.81, 5.43, 5.16 in, 2.58 lbs",6.81,5.43,5.16,2.58,N/A,Computer
"05/07/2025, 04:46 AM PDT","05/07/2025, 07:46 AM EDT","05/07/2025, 06:46 AM CDT","05/07/2025, 04:46 AM PDT","Anabelle's Rocky Road Milk Chocolate Coated Marshmallow Candy, 1.82 oz (Pack of 24)",143355295,70602459001,N/A,N/A,Annabelle's,Grocery,Chocolate Candy,N/A,N/A,C104614,https://i5.walmartimages.com/seo/Anabelle-s-Rocky-Road-Milk-Chocolate-Coated-Marshmallow-Candy-1-82-oz-Pack-of-24_b3e48002-06de-407d-af4b-bdabbd49e3ee_1.ca978dd4d5c37ebaa7983bcfec2fa306.png,,N/A,https://www.walmart.com/ip/143355295,25.56,https://www.amazon.com/dp/B009PP1AJG,https://www.amazon.com/s?k=Anabelle's%20Rocky%20Road%20Milk%20Chocolate%20Coated%20Marshmallow%20Candy%2C%201.82%20oz%20(Pack%20of%2024),https://www.ebay.com/sch/i.html?_nkw=Anabelle's%20Rocky%20Road%20Milk%20Chocolate%20Coated%20Marshmallow%20Candy%2C%201.82%20oz%20(Pack%20of%2024),https://www.google.com/search?q=Anabelle's%20Rocky%20Road%20Milk%20Chocolate%20Coated%20Marshmallow%20Candy%2C%201.82%20oz%20(Pack%20of%2024),https://seller.walmart.com/catalog/add-items?search=143355295,N/A,no,no,no,2,0,2,9,DM Creates LLC,mfn,$39.99,1,$39.99,$45.63,39.99,25.56,1.56,3.90 %,6.10 %,38.05,21.70,1,OOS,N/A,$12.87,$5.75,0,$6.00,15.00%,$0.12,1,$1.00,$0.30 /lb,$1.00,$0.00,$0.00,$0.00,$0.00,0,$0.00,4.6,34,"Pulling package information from B009PP1AJG via amazon.com,3 or less sellers","10.87, 6.46, 4.02 in, 3.33 lbs",10.87,6.46,4.02,3.33,N/A,Computer
"04/30/2025, 03:45 AM PDT","04/30/2025, 06:45 AM EDT","04/30/2025, 05:45 AM CDT","04/30/2025, 03:45 AM PDT","Gem Gem All Natural Chewy Ginger Candy 1.25oz (Lemon, 2 Pack)",5049787351,658515670050,N/A,N/A,Gem Gem,Grocery,Chewy Candy,N/A,N/A,N/A,https://i5.walmartimages.com/seo/Gem-Gem-All-Natural-Chewy-Ginger-Candy-1-25oz-Lemon-2-Pack_23c4abd6-7208-43d3-bb17-6483e7e222a3.c30626cb532d0ea1f9850479a9975082.jpeg,,N/A,https://www.walmart.com/ip/5049787351,2.24,N/A,https://www.amazon.com/s?k=Gem%20Gem%20All%20Natural%20Chewy%20Ginger%20Candy%201.25oz%20(Lemon%2C%202%20Pack),https://www.ebay.com/sch/i.html?_nkw=Gem%20Gem%20All%20Natural%20Chewy%20Ginger%20Candy%201.25oz%20(Lemon%2C%202%20Pack),https://www.google.com/search?q=Gem%20Gem%20All%20Natural%20Chewy%20Ginger%20Candy%201.25oz%20(Lemon%2C%202%20Pack),https://seller.walmart.com/catalog/add-items?search=5049787351,N/A,no,no,no,1,0,1,3,Welch Products (USA Based Seller),mfn,$9.03,3,$9.03,$9.03,9.03,2.24,1.55,17.16 %,69.17 %,7.25,3.03,1,NA,N/A,$5.24,$3.45,0,$0.72,8.00%,$0.01,1,$1.06,$0.30 /lb,$0.06,$0.00,$0.00,$0.00,$0.00,0,$0.00,,0,"For better accuracy, we’ve used dimensions from B01LC0PEY8 to provide more precise estimates,3 or less sellers","5.63, 4.53, 1.02 in, 0.19 lbs",5.63,4.53,1.02,0.19,N/A,Computer
"05/06/2025, 12:29 AM PDT","05/06/2025, 03:29 AM EDT","05/06/2025, 02:29 AM CDT","05/06/2025, 12:29 AM PDT",Nintendo Bowser Koopa Green Apple Sours 1.5 oz. Tin,5568401685,611508610600,1.5 oz,1,Boston America,Grocery,Sour Candy,N/A,N/A,N/A,https://i5.walmartimages.com/seo/Nintendo-Bowser-Koopa-Green-Apple-Sours-1-5-oz-Tin_8fd0e999-101e-4cd7-8175-3ca6a64fcef7.a6526dd4ba5ed7e1fac1a749258f809a.jpeg,,N/A,https://www.walmart.com/ip/5568401685,25.68,N/A,https://www.amazon.com/s?k=Nintendo%20Bowser%20Koopa%20Green%20Apple%20Sours%201.5%20oz.%20Tin,https://www.ebay.com/sch/i.html?_nkw=Nintendo%20Bowser%20Koopa%20Green%20Apple%20Sours%201.5%20oz.%20Tin,https://www.google.com/search?q=Nintendo%20Bowser%20Koopa%20Green%20Apple%20Sours%201.5%20oz.%20Tin,https://seller.walmart.com/catalog/add-items?search=5568401685,N/A,no,no,no,3,0,3,8,Exclusive Inventory Solutions,mfn,$35.99,5,$35.99,$60.50,35.99,25.68,1.41,3.93 %,5.50 %,34.25,21.67,1,NA,N/A,$8.90,$3.45,0,$5.40,15.00%,$0.01,1,$0.04,$0.30 /lb,$0.04,$0.00,$0.00,$0.00,$0.00,0,$0.00,,0,"For better accuracy, we’ve used dimensions from B091RHKWZZ to provide more precise estimates,3 or less sellers","3.98, 2.60, 2.13 in, 0.13 lbs",3.98,2.60,2.13,0.13,N/A,Computer
"05/07/2025, 04:10 AM PDT","05/07/2025, 07:10 AM EDT","05/07/2025, 06:10 AM CDT","05/07/2025, 04:10 AM PDT","Airheads Candy Sugar-Free Chewing Gum With Xylitol, Watermelon, 14 Sticks (Pack Of 12)",5478586470,100378729432,N/A,N/A,AirHeads,Grocery,Chewing Gum,N/A,N/A,N/A,https://i5.walmartimages.com/seo/Airheads-Candy-Sugar-Free-Chewing-Gum-With-Xylitol-Watermelon-14-Sticks-Pack-Of-12_205b1dc2-ecd2-4fd5-8d47-5e7ca97ffd65.597ed4eb243777d6db9095f24753421f.jpeg,,N/A,https://www.walmart.com/ip/5478586470,15.36,N/A,https://www.amazon.com/s?k=Airheads%20Candy%20Sugar-Free%20Chewing%20Gum%20With%20Xylitol%2C%20Watermelon%2C%2014%20Sticks%20(Pack%20Of%2012),https://www.ebay.com/sch/i.html?_nkw=Airheads%20Candy%20Sugar-Free%20Chewing%20Gum%20With%20Xylitol%2C%20Watermelon%2C%2014%20Sticks%20(Pack%20Of%2012),https://www.google.com/search?q=Airheads%20Candy%20Sugar-Free%20Chewing%20Gum%20With%20Xylitol%2C%20Watermelon%2C%2014%20Sticks%20(Pack%20Of%2012),https://seller.walmart.com/catalog/add-items?search=5478586470,N/A,no,no,no,4,0,4,159,Valyou General,mfn,$25.99,155,$25.99,$32.50,25.99,15.36,1.41,5.42 %,9.17 %,24.25,13.42,1,NA,N/A,$9.22,$4.95,0,$3.90,15.00%,$0.02,1,$0.35,$0.30 /lb,$0.35,$0.00,$0.00,$0.00,$0.00,0,$0.00,,0,"For better accuracy, we’ve used dimensions from B073S48662 to provide more precise estimates","6.22, 3.62, 2.20 in, 1.17 lbs",6.22,3.62,2.20,1.17,N/A,Computer
"04/30/2025, 12:44 AM PDT","04/30/2025, 03:44 AM EDT","04/30/2025, 02:44 AM CDT","04/30/2025, 12:44 AM PDT","Raindrops Gummy Noodles in Takeout Carton, 3.88 Ounce (1-Box)",748878353,630855115507,N/A,N/A,Rainrops,Grocery,Chocolate & Candy Assortments,N/A,N/A,N/A,https://i5.walmartimages.com/seo/Raindrops-Gummy-Noodles-in-Takeout-Carton-3-88-Ounce-1-Box_f6ca5c9b-9704-42df-9fa2-a3bcd71fc441.13de7a269d2371489db55c691042b035.jpeg,,N/A,https://www.walmart.com/ip/748878353,3.37,https://www.amazon.com/dp/B07QH33WMX,https://www.amazon.com/s?k=Raindrops%20Gummy%20Noodles%20in%20Takeout%20Carton%2C%203.88%20Ounce%20(1-Box),https://www.ebay.com/sch/i.html?_nkw=Raindrops%20Gummy%20Noodles%20in%20Takeout%20Carton%2C%203.88%20Ounce%20(1-Box),https://www.google.com/search?q=Raindrops%20Gummy%20Noodles%20in%20Takeout%20Carton%2C%203.88%20Ounce%20(1-Box),https://seller.walmart.com/catalog/add-items?search=748878353,N/A,no,no,no,1,1,0,13,SARONITE,wfs,$9.99,13,$9.99,$9.99,9.99,3.37,1.25,12.53 %,37.14 %,8.55,3.70,1,$10.33,200+ units sold this month on Amazon,$5.37,$3.45,0,$0.80,8.00%,$0.02,1,$1.10,$0.30 /lb,$0.10,$0.00,$0.00,$0.00,$0.00,0,$0.00,2,2,"Pulling package information from B07QH33WMX via amazon.com,3 or less sellers","3.70, 3.62, 3.50 in, 0.33 lbs",3.70,3.62,3.50,0.33,N/A,Computer
"04/30/2025, 12:58 AM PDT","04/30/2025, 03:58 AM EDT","04/30/2025, 02:58 AM CDT","04/30/2025, 12:58 AM PDT",Uha Sakeru Gummy - Grape Flavor 32.9g/(7sheets),5349431559,11152838823,N/A,N/A,UHA,Grocery,Gummy Candy,N/A,N/A,N/A,https://i5.walmartimages.com/seo/Uha-Sakeru-Gummy-Grape-Flavor-32-9g-7sheets_779639e2-2aa9-4100-a70b-27d484d43270.ccb1347ce0a79af93dd157d84799a5c7.jpeg,,N/A,https://www.walmart.com/ip/5349431559,1.5,N/A,https://www.amazon.com/s?k=Uha%20Sakeru%20Gummy%20-%20Grape%20Flavor%2032.9g%2F(7sheets),https://www.ebay.com/sch/i.html?_nkw=Uha%20Sakeru%20Gummy%20-%20Grape%20Flavor%2032.9g%2F(7sheets),https://www.google.com/search?q=Uha%20Sakeru%20Gummy%20-%20Grape%20Flavor%2032.9g%2F(7sheets),https://seller.walmart.com/catalog/add-items?search=5349431559,N/A,no,no,no,1,0,1,6,PSYDUCKONLINE,mfn,$7.99,6,$7.99,$7.99,7.99,1.5,1.24,15.56 %,82.87 %,6.55,2.19,1,NA,N/A,$5.25,$3.45,0,$0.64,8.00%,$0.05,1,$1.11,$0.30 /lb,$0.11,$0.00,$0.00,$0.00,$0.00,0,$0.00,,0,"For better accuracy, we’ve used dimensions from B07NZ19F6C to provide more precise estimates,3 or less sellers","10.16, 5.39, 1.97 in, 0.37 lbs",10.16,5.39,1.97,0.37,N/A,Computer
"05/01/2025, 11:43 PM PDT","05/02/2025, 02:43 AM EDT","05/02/2025, 01:43 AM CDT","05/01/2025, 11:43 PM PDT",Giant Gummy Bear Big Bear Six Pack - Cherry/Blue Raspberry/Apple,105045747,898259002803,N/A,N/A,Giant Gummy Bears,Grocery,Gummy Candy,N/A,N/A,N/A,https://i5.walmartimages.com/seo/Giant-Gummy-Bear-Big-Bear-Six-Pack-Cherry-Blue-Raspberry-Apple_badd8cdc-632c-4164-92cd-63dcc6cad9a9.0a77766dae950a90bc714b416e6d2335.jpeg,,N/A,https://www.walmart.com/ip/105045747,7.9,https://www.amazon.com/dp/B00BRJH8O4,https://www.amazon.com/s?k=Giant%20Gummy%20Bear%20Big%20Bear%20Six%20Pack%20-%20Cherry%2FBlue%20Raspberry%2FApple,https://www.ebay.com/sch/i.html?_nkw=Giant%20Gummy%20Bear%20Big%20Bear%20Six%20Pack%20-%20Cherry%2FBlue%20Raspberry%2FApple,https://www.google.com/search?q=Giant%20Gummy%20Bear%20Big%20Bear%20Six%20Pack%20-%20Cherry%2FBlue%20Raspberry%2FApple,https://seller.walmart.com/catalog/add-items?search=105045747,N/A,no,no,no,1,0,1,10,Vat19,mfn,$13.91,10,$13.91,$13.91,13.91,7.9,1.2,8.66 %,15.25 %,12.50,7.28,1,$12.71,N/A,$4.81,$3.45,0,$1.11,8.00%,$0.02,1,$0.22,$0.30 /lb,$0.22,$0.00,$0.00,$0.00,$0.00,0,$0.00,5,1,"Pulling package information from B00BRJH8O4 via amazon.com,3 or less sellers","11.50, 5.91, 0.59 in, 0.75 lbs",11.50,5.91,0.59,0.75,N/A,Computer
"05/03/2025, 03:32 AM PDT","05/03/2025, 06:32 AM EDT","05/03/2025, 05:32 AM CDT","05/03/2025, 03:32 AM PDT",Jelly Belly Beanboozled Trick or Treat 3.5 Ounce Spinner Gift Box,1117309232,71570005047,N/A,N/A,Jelly Belly,Grocery,Jelly Beans,N/A,N/A,N/A,https://i5.walmartimages.com/seo/Jelly-Belly-Beanboozled-Trick-or-Treat-3-5-Ounce-Spinner-Gift-Box_c6247b46-1f77-4892-bc74-c84fc2a70538.5ddd9a8604622df52a35af57b420b079.jpeg,,N/A,https://www.walmart.com/ip/1117309232,4.45,https://www.amazon.com/dp/B0754G5R3J,https://www.amazon.com/s?k=Jelly%20Belly%20Beanboozled%20Trick%20or%20Treat%203.5%20Ounce%20Spinner%20Gift%20Box,https://www.ebay.com/sch/i.html?_nkw=Jelly%20Belly%20Beanboozled%20Trick%20or%20Treat%203.5%20Ounce%20Spinner%20Gift%20Box,https://www.google.com/search?q=Jelly%20Belly%20Beanboozled%20Trick%20or%20Treat%203.5%20Ounce%20Spinner%20Gift%20Box,https://seller.walmart.com/catalog/add-items?search=1117309232,N/A,no,no,no,0,0,0,0,N/A,N/A,0,,,Price,10,4.45,1.18,11.81 %,26.54 %,9.70,4.50,1,$17.82,N/A,$4.37,$3.45,0,$0.80,8.00%,$0.01,1,$0.10,$0.30 /lb,$0.10,$0.00,$0.00,$0.00,$0.00,0,$0.00,,0,"Pulling package information from B0754G5R3J via amazon.com,3 or less sellers","7.91, 3.46, 1.18 in, 0.35 lbs",7.91,3.46,1.18,0.35,N/A,Computer
"05/05/2025, 03:21 AM PDT","05/05/2025, 06:21 AM EDT","05/05/2025, 05:21 AM CDT","05/05/2025, 03:21 AM PDT",Jelly Belly Harry Potter Solid Milk Chocolate Golden Snitch,501989921,71570013998,N/A,N/A,Jelly Belly,Grocery,Chocolate Candy,N/A,N/A,N/A,https://i5.walmartimages.com/seo/Jelly-Belly-Harry-Potter-Solid-Milk-Chocolate-Golden-Snitch_3193bb28-bb9d-4e19-9974-1a6a9f3103a6.54e1d34247356689d6db21aa2338d83e.jpeg,,N/A,https://www.walmart.com/ip/501989921,4.53,https://www.amazon.com/dp/B08NFDWY23,https://www.amazon.com/s?k=Jelly%20Belly%20Harry%20Potter%20Solid%20Milk%20Chocolate%20Golden%20Snitch,https://www.ebay.com/sch/i.html?_nkw=Jelly%20Belly%20Harry%20Potter%20Solid%20Milk%20Chocolate%20Golden%20Snitch,https://www.google.com/search?q=Jelly%20Belly%20Harry%20Potter%20Solid%20Milk%20Chocolate%20Golden%20Snitch,https://seller.walmart.com/catalog/add-items?search=501989921,N/A,no,yes,no,1,1,0,3,SUF,wfs,$12.73,3,$12.73,$12.73,10,4.53,1.17,11.70 %,25.82 %,9.75,4.56,1,$19.99,N/A,$4.30,$3.45,0,$0.80,8.00%,$0.01,1,$0.04,$0.30 /lb,$0.04,$0.00,$0.00,$0.00,$0.00,0,$0.00,4,1,"Pulling package information from B08NFDWY23 via amazon.com,3 or less sellers","6.18, 2.36, 1.81 in, 0.13 lbs",6.18,2.36,1.81,0.13,N/A,Computer
"05/01/2025, 03:31 AM PDT","05/01/2025, 06:31 AM EDT","05/01/2025, 05:31 AM CDT","05/01/2025, 03:31 AM PDT","Foreign Candy Aftershocks Cherry Popping Candy Minis, 0.33 Ounce Packs - 24 Count Display Box",5114149750,690796101854,Cherry,1,Foreign Candy Company,Grocery,Fruit Flavored Candy,N/A,N/A,N/A,https://i5.walmartimages.com/seo/Foreign-Candy-Aftershocks-Cherry-Popping-Candy-Minis-0-33-Ounce-Packs-24-Count-Display-Box_1a3525ef-f3c8-4b95-9668-79fdf0ccefbe.586de04e2c59caf3184feebacf2752df.jpeg,,N/A,https://www.walmart.com/ip/5114149750,22.8,N/A,https://www.amazon.com/s?k=Foreign%20Candy%20Aftershocks%20Cherry%20Popping%20Candy%20Minis%2C%200.33%20Ounce%20Packs%20-%2024%20Count%20Display%20Box,https://www.ebay.com/sch/i.html?_nkw=Foreign%20Candy%20Aftershocks%20Cherry%20Popping%20Candy%20Minis%2C%200.33%20Ounce%20Packs%20-%2024%20Count%20Display%20Box,https://www.google.com/search?q=Foreign%20Candy%20Aftershocks%20Cherry%20Popping%20Candy%20Minis%2C%200.33%20Ounce%20Packs%20-%2024%20Count%20Display%20Box,https://seller.walmart.com/catalog/add-items?search=5114149750,N/A,no,no,no,3,0,3,44,Valyou General,mfn,$34.93,25,$34.93,$53.27,34.93,22.8,1.1,3.16 %,4.84 %,33.55,19.12,1,NA,N/A,$11.03,$4.95,0,$5.24,15.00%,$0.07,1,$0.77,$0.30 /lb,$0.27,$0.50,$0.00,$0.00,$0.00,0,$0.00,,0,"For better accuracy, we’ve used dimensions from B0028FAV0Y to provide more precise estimates,3 or less sellers","6.02, 5.67, 4.49 in, 0.90 lbs",6.02,5.67,4.49,0.90,N/A,Computer
"05/06/2025, 12:18 AM PDT","05/06/2025, 03:18 AM EDT","05/06/2025, 02:18 AM CDT","05/06/2025, 12:18 AM PDT","NERDS Frosty Gummy Clusters Share Pouch, Holiday Nerds, Red and Green Gummy Candies, 3oz",5414854722,79200083151,Single,2,Brach's,Grocery,Gummy Candy,N/A,N/A,N/A,https://i5.walmartimages.com/seo/NERDS-Frosty-Gummy-Clusters-Share-Pouch-Holiday-Nerds-Red-and-Green-Gummy-Candies-3oz_7339c94b-b5ad-4e59-b617-56d28a37fad8.0c898faf02b6d7f2e46df2b4886e2388.jpeg,,N/A,https://www.walmart.com/ip/5414854722,2.25,https://www.amazon.com/dp/B0D1DLXWGD,https://www.amazon.com/s?k=NERDS%20Frosty%20Gummy%20Clusters%20Share%20Pouch%2C%20Holiday%20Nerds%2C%20Red%20and%20Green%20Gummy%20Candies%2C%203oz,https://www.ebay.com/sch/i.html?_nkw=NERDS%20Frosty%20Gummy%20Clusters%20Share%20Pouch%2C%20Holiday%20Nerds%2C%20Red%20and%20Green%20Gummy%20Candies%2C%203oz,https://www.google.com/search?q=NERDS%20Frosty%20Gummy%20Clusters%20Share%20Pouch%2C%20Holiday%20Nerds%2C%20Red%20and%20Green%20Gummy%20Candies%2C%203oz,https://seller.walmart.com/catalog/add-items?search=5414854722,N/A,no,yes,no,2,0,2,26,SeaSaw Enterprises,mfn,$8.49,21,$8.49,$14.50,8.49,2.25,1.03,12.09 %,45.61 %,7.30,2.62,1,$6.25,N/A,$5.21,$3.45,0,$0.68,8.00%,$0.01,1,$1.08,$0.30 /lb,$0.08,$0.00,$0.00,$0.00,$0.00,0,$0.00,3.8,4,"The listing has 2 variations,Pulling package information from B0D1DLXWGD via amazon.com,3 or less sellers","5.94, 3.23, 0.79 in, 0.26 lbs",5.94,3.23,0.79,0.26,N/A,Computer
"05/06/2025, 12:07 AM PDT","05/06/2025, 03:07 AM EDT","05/06/2025, 02:07 AM CDT","05/06/2025, 12:07 AM PDT","PEZ Candy Halloween Pumpkin, 1 Candy Dispenser Plus 3 Rolls Assorted Fruit Candy, 1 Count, 0.87 oz",5285243111,73621032309,Single,1,PEZ,Grocery,Fruit Flavored Candy,N/A,N/A,N/A,https://i5.walmartimages.com/seo/PEZ-Candy-Halloween-Pumpkin-1-Candy-Dispenser-Plus-3-Rolls-Assorted-Fruit-Candy-1-Count-0-87-oz_daf6f0dc-8315-43ff-bf0b-e5bc5419d968.df89be7828e546c1227bdcad3685a90f.jpeg,,N/A,https://www.walmart.com/ip/5285243111,4.64,N/A,https://www.amazon.com/s?k=PEZ%20Candy%20Halloween%20Pumpkin%2C%201%20Candy%20Dispenser%20Plus%203%20Rolls%20Assorted%20Fruit%20Candy%2C%201%20Count%2C%200.87%20oz,https://www.ebay.com/sch/i.html?_nkw=PEZ%20Candy%20Halloween%20Pumpkin%2C%201%20Candy%20Dispenser%20Plus%203%20Rolls%20Assorted%20Fruit%20Candy%2C%201%20Count%2C%200.87%20oz,https://www.google.com/search?q=PEZ%20Candy%20Halloween%20Pumpkin%2C%201%20Candy%20Dispenser%20Plus%203%20Rolls%20Assorted%20Fruit%20Candy%2C%201%20Count%2C%200.87%20oz,https://seller.walmart.com/catalog/add-items?search=5285243111,N/A,no,no,no,2,1,1,9,From The Shelf LLC,wfs,$10.00,4,$9.99,$10.00,10,4.64,0.93,9.26 %,19.96 %,0.00,4.45,1,NA,N/A,$4.43,$3.45,0,$0.80,8.00%,$0.02,1,$0.16,$0.30 /lb,$0.16,$0.00,$0.00,$0.00,$0.00,0,$0.00,,0,3 or less sellers,"1.75, 3.12, 9.32 in, 0.54 lbs",1.75,3.12,9.32,0.54,N/A,Computer
"04/30/2025, 12:21 AM PDT","04/30/2025, 03:21 AM EDT","04/30/2025, 02:21 AM CDT","04/30/2025, 12:21 AM PDT","Prince of Peace Original Ginger Chews, 4 oz. – Candied Ginger – Candy Pack – Ginger Chews Candy – Natural Candy – Ginger Candy for Nausea",847899559,794438723852,N/A,N/A,Prince of Peace,Grocery,Chewy Candy,N/A,N/A,F-04111,https://i5.walmartimages.com/seo/Prince-of-Peace-Original-Ginger-Chews-4-oz-Candied-Ginger-Candy-Pack-Ginger-Chews-Candy-Natural-Candy-Ginger-Candy-for-Nausea_679e4922-df80-4001-b212-07517d6a6776.037271503392c84d344f207e6d7087d0.jpeg,,N/A,https://www.walmart.com/ip/847899559,1.78,N/A,https://www.amazon.com/s?k=Prince%20of%20Peace%20Original%20Ginger%20Chews%2C%204%20oz.%20%E2%80%93%20Candied%20Ginger%20%E2%80%93%20Candy%20Pack%20%E2%80%93%20Ginger%20Chews%20Candy%20%E2%80%93%20Natural%20Candy%20%E2%80%93%20Ginger%20Candy%20for%20Nausea,https://www.ebay.com/sch/i.html?_nkw=Prince%20of%20Peace%20Original%20Ginger%20Chews%2C%204%20oz.%20%E2%80%93%20Candied%20Ginger%20%E2%80%93%20Candy%20Pack%20%E2%80%93%20Ginger%20Chews%20Candy%20%E2%80%93%20Natural%20Candy%20%E2%80%93%20Ginger%20Candy%20for%20Nausea,https://www.google.com/search?q=Prince%20of%20Peace%20Original%20Ginger%20Chews%2C%204%20oz.%20%E2%80%93%20Candied%20Ginger%20%E2%80%93%20Candy%20Pack%20%E2%80%93%20Ginger%20Chews%20Candy%20%E2%80%93%20Natural%20Candy%20%E2%80%93%20Ginger%20Candy%20for%20Nausea,https://seller.walmart.com/catalog/add-items?search=847899559,N/A,no,no,no,7,2,5,183,Super Savings Now,wfs,$7.85,30,$7.00,$9.36,7.85,1.78,0.88,11.26 %,49.64 %,6.80,2.13,1,NA,N/A,$5.19,$3.45,0,$0.63,8.00%,$0.03,1,$1.08,$0.30 /lb,$0.08,$0.00,$0.00,$0.00,$0.00,0,$0.00,4.5,13,"For better accuracy, we’ve used dimensions from B0BFT3MLMN to provide more precise estimates","7.44, 5.31, 1.77 in, 0.26 lbs",7.44,5.31,1.77,0.26,N/A,Computer
"04/29/2025, 02:58 AM PDT","04/29/2025, 05:58 AM EDT","04/29/2025, 04:58 AM CDT","04/29/2025, 02:58 AM PDT",Chimes Spiced Chai Hard Toffee Candy - 3.5 oz Bag,933112643,51299111649,N/A,N/A,Chimes,Grocery,Toffee Candy,N/A,N/A,CMS11164,https://i5.walmartimages.com/seo/Chimes-Spiced-Chai-Hard-Toffee-Candy-3-5-oz-Bag_ce120a3c-20cb-4545-9dce-704976adeb69.ca31e92baa4c0354baa8fbe0840011e6.jpeg,,N/A,https://www.walmart.com/ip/933112643,2.02,https://www.amazon.com/dp/B0925KXQPQ,https://www.amazon.com/s?k=Chimes%20Spiced%20Chai%20Hard%20Toffee%20Candy%20-%203.5%20oz%20Bag,https://www.ebay.com/sch/i.html?_nkw=Chimes%20Spiced%20Chai%20Hard%20Toffee%20Candy%20-%203.5%20oz%20Bag,https://www.google.com/search?q=Chimes%20Spiced%20Chai%20Hard%20Toffee%20Candy%20-%203.5%20oz%20Bag,https://seller.walmart.com/catalog/add-items?search=933112643,N/A,no,no,no,1,0,1,13,VitaminLife,mfn,$8.05,13,$8.05,$8.05,8.05,2.02,0.81,10.05 %,40.05 %,7.10,2.26,1,$8.05,N/A,$5.22,$3.45,0,$0.64,8.00%,$0.03,1,$1.09,$0.30 /lb,$0.09,$0.00,$0.00,$0.00,$0.00,0,$0.00,,0,"Pulling package information from B0925KXQPQ via amazon.com,3 or less sellers","7.48, 4.92, 2.13 in, 0.31 lbs",7.48,4.92,2.13,0.31,N/A,Computer
"04/29/2025, 04:30 AM PDT","04/29/2025, 07:30 AM EDT","04/29/2025, 06:30 AM CDT","04/29/2025, 04:30 AM PDT",Morinaga Hi-Chew Fruity Chewy Candy -Plus Fruit 2.82oz/80g,127126422,850017589032,N/A,N/A,Morinaga,Grocery,Chewy Candy,N/A,N/A,N/A,https://i5.walmartimages.com/seo/Morinaga-Hi-Chew-Fruity-Chewy-Candy-Plus-Fruit-2-82oz-80g_20b973b7-ed8c-45e3-8b02-76c64368945c.c1d5753003ef1c2c80fa96869e33be40.jpeg,,N/A,https://www.walmart.com/ip/127126422,2,https://www.amazon.com/dp/B08VR7F3VM,https://www.amazon.com/s?k=Morinaga%20Hi-Chew%20Fruity%20Chewy%20Candy%20-Plus%20Fruit%202.82oz%2F80g,https://www.ebay.com/sch/i.html?_nkw=Morinaga%20Hi-Chew%20Fruity%20Chewy%20Candy%20-Plus%20Fruit%202.82oz%2F80g,https://www.google.com/search?q=Morinaga%20Hi-Chew%20Fruity%20Chewy%20Candy%20-Plus%20Fruit%202.82oz%2F80g,https://seller.walmart.com/catalog/add-items?search=127126422,N/A,no,no,no,5,1,4,123,Snackathon Foods,wfs,$7.91,6,$7.91,$10.99,7.91,2,0.74,9.37 %,37.04 %,7.00,2.19,1,$6.91,100+ units sold this month on Amazon,$5.17,$3.45,0,$0.63,8.00%,$0.03,1,$1.06,$0.30 /lb,$0.06,$0.00,$0.00,$0.00,$0.00,0,$0.00,2.7,3,Pulling package information from B08VR7F3VM via amazon.com,"7.13, 5.16, 1.65 in, 0.20 lbs",7.13,5.16,1.65,0.20,N/A,Computer
"05/02/2025, 04:14 AM PDT","05/02/2025, 07:14 AM EDT","05/02/2025, 06:14 AM CDT","05/02/2025, 04:14 AM PDT",Edible Paper & Pen Candy Value Pack by Fun Works   1.16 Oz | Pack of 4,1509154995,810087466763,N/A,N/A,Tribeca Curations,Grocery,Chewy Candy,N/A,N/A,N/A,https://i5.walmartimages.com/seo/Edible-Paper-Pen-Candy-Value-Pack-by-Fun-Works-1-16-Oz-Pack-of-4_f2f3e12b-4644-46a4-a41c-098c85edb18e.b466b0a09fd6358e2b58c772a3c3781a.jpeg,,N/A,https://www.walmart.com/ip/1509154995,12.52,N/A,https://www.amazon.com/s?k=Edible%20Paper%20%26%20Pen%20Candy%20Value%20Pack%20by%20Fun%20Works%20%20%201.16%20Oz%20%7C%20Pack%20of%204,https://www.ebay.com/sch/i.html?_nkw=Edible%20Paper%20%26%20Pen%20Candy%20Value%20Pack%20by%20Fun%20Works%20%20%201.16%20Oz%20%7C%20Pack%20of%204,https://www.google.com/search?q=Edible%20Paper%20%26%20Pen%20Candy%20Value%20Pack%20by%20Fun%20Works%20%20%201.16%20Oz%20%7C%20Pack%20of%204,https://seller.walmart.com/catalog/add-items?search=1509154995,N/A,no,no,no,1,0,1,22,Candy Retailer,mfn,$22.95,22,$22.95,$22.95,22.95,12.52,0.74,3.21 %,5.88 %,22.00,10.60,1,NA,N/A,$9.69,$5.75,0,$3.44,15.00%,$0.19,1,$0.31,$0.30 /lb,$0.31,$0.00,$0.00,$0.00,$0.00,0,$0.00,1,1,"For better accuracy, we’ve used dimensions from B0DSR2ZVHC to provide more precise estimates,3 or less sellers","9.06, 8.94, 5.39 in, 1.04 lbs",9.06,8.94,5.39,1.04,N/A,Computer
"04/30/2025, 12:12 AM PDT","04/30/2025, 03:12 AM EDT","04/30/2025, 02:12 AM CDT","04/30/2025, 12:12 AM PDT",Glico Baked Snack Sticks Pretz Spicy Barbeque Flavored 1.09oz/31g,1017298958,73141153089,N/A,N/A,Glico,Grocery,Pretzels,N/A,N/A,N/A,https://i5.walmartimages.com/seo/Glico-Baked-Snack-Sticks-Pretz-Spicy-Barbeque-Flavored-1-09oz-31g_57536d73-2d31-440f-bb5f-aa092cf432dc.7919fdc69d65a3ce3ddc6cbebf1ca35d.jpeg,,N/A,https://www.walmart.com/ip/1017298958,1.19,https://www.amazon.com/dp/B0DM74MT4J,https://www.amazon.com/s?k=Glico%20Baked%20Snack%20Sticks%20Pretz%20Spicy%20Barbeque%20Flavored%201.09oz%2F31g,https://www.ebay.com/sch/i.html?_nkw=Glico%20Baked%20Snack%20Sticks%20Pretz%20Spicy%20Barbeque%20Flavored%201.09oz%2F31g,https://www.google.com/search?q=Glico%20Baked%20Snack%20Sticks%20Pretz%20Spicy%20Barbeque%20Flavored%201.09oz%2F31g,https://seller.walmart.com/catalog/add-items?search=1017298958,N/A,no,no,no,1,0,1,2,PSYDUCKONLINE,mfn,$8.99,2,$8.99,$8.99,8.99,1.19,0.72,8.01 %,60.50 %,8.10,1.53,1,$13.44,N/A,$7.08,$4.95,0,$0.72,8.00%,$0.08,1,$1.33,$0.30 /lb,$0.33,$0.00,$0.00,$0.00,$0.00,0,$0.00,,0,"For better accuracy, we’ve used dimensions from B0C4CKPBBP to provide more precise estimates,3 or less sellers","6.38, 5.98, 4.88 in, 1.10 lbs",6.38,5.98,4.88,1.10,N/A,Computer
"05/06/2025, 12:59 AM PDT","05/06/2025, 03:59 AM EDT","05/06/2025, 02:59 AM CDT","05/06/2025, 12:59 AM PDT","Peeps Marshmallow Candy Christmas Stockings, Red Sugar Coated Character Shaped Marshmallows, Holiday Stocking Stuffers for Kids, Pack of 3",1851046858,810666038978,N/A,N/A,Needzo,Grocery,Marshmallows,N/A,N/A,N/A,https://i5.walmartimages.com/seo/Peeps-Marshmallow-Candy-Christmas-Stockings-Red-Sugar-Coated-Character-Shaped-Marshmallows-Holiday-Stocking-Stuffers-for-Kids-Pack-of-3_595a81f0-6ae2-4913-bcb1-766e7b87b9a6.7e38f27cf7d7f205793b6cc6c32cbdb4.jpeg,,N/A,https://www.walmart.com/ip/1851046858,1.16,N/A,https://www.amazon.com/s?k=Peeps%20Marshmallow%20Candy%20Christmas%20Stockings%2C%20Red%20Sugar%20Coated%20Character%20Shaped%20Marshmallows%2C%20Holiday%20Stocking%20Stuffers%20for%20Kids%2C%20Pack%20of%203,https://www.ebay.com/sch/i.html?_nkw=Peeps%20Marshmallow%20Candy%20Christmas%20Stockings%2C%20Red%20Sugar%20Coated%20Character%20Shaped%20Marshmallows%2C%20Holiday%20Stocking%20Stuffers%20for%20Kids%2C%20Pack%20of%203,https://www.google.com/search?q=Peeps%20Marshmallow%20Candy%20Christmas%20Stockings%2C%20Red%20Sugar%20Coated%20Character%20Shaped%20Marshmallows%2C%20Holiday%20Stocking%20Stuffers%20for%20Kids%2C%20Pack%20of%203,https://seller.walmart.com/catalog/add-items?search=1851046858,N/A,no,no,no,1,1,0,232,Needzo.com Inc,wfs,$7.00,232,$7.00,$7.00,7,1.16,0.71,10.11 %,61.02 %,6.15,1.49,1,NA,N/A,$5.13,$3.45,0,$0.56,8.00%,$0.02,1,$1.10,$0.30 /lb,$0.10,$0.00,$0.00,$0.00,$0.00,0,$0.00,3,1,"For better accuracy, we’ve used dimensions from B0CLMDYQZB to provide more precise estimates,3 or less sellers","5.75, 3.11, 2.99 in, 0.33 lbs",5.75,3.11,2.99,0.33,N/A,Computer
"04/30/2025, 06:31 AM PDT","04/30/2025, 09:31 AM EDT","04/30/2025, 08:31 AM CDT","04/30/2025, 06:31 AM PDT","Lily’s Sweets Milk Chocolate Style Peanut Butter Cups, 3.2 oz",247047645,810003460400,N/A,N/A,Lily's,Grocery,Chocolate & Candy Assortments,N/A,N/A,N/A,https://i5.walmartimages.com/seo/Lily-s-Sweets-Milk-Chocolate-Style-Peanut-Butter-Cups-3-2-oz_79c188d0-a100-4a4c-bb13-1b5baa21ee40_1.7654a3f9816be411bc34c24a45ac6cad.jpeg,,N/A,https://www.walmart.com/ip/247047645,5.9,https://www.amazon.com/dp/B07Q8NWY76,https://www.amazon.com/s?k=Lily%E2%80%99s%20Sweets%20Milk%20Chocolate%20Style%20Peanut%20Butter%20Cups%2C%203.2%20oz,https://www.ebay.com/sch/i.html?_nkw=Lily%E2%80%99s%20Sweets%20Milk%20Chocolate%20Style%20Peanut%20Butter%20Cups%2C%203.2%20oz,https://www.google.com/search?q=Lily%E2%80%99s%20Sweets%20Milk%20Chocolate%20Style%20Peanut%20Butter%20Cups%2C%203.2%20oz,https://seller.walmart.com/catalog/add-items?search=247047645,N/A,yes,no,no,1,0,1,78,iHerb,mfn,$13.82,78,$13.82,$13.82,11,5.9,0.7,6.37 %,11.87 %,10.15,5.28,1,$9.14,1k+ units sold this month on Amazon,$4.40,$3.45,0,$0.88,8.00%,$0.00,1,$0.07,$0.30 /lb,$0.07,$0.00,$0.00,$0.00,$0.00,0,$0.00,4.5,12,3 or less sellers,"1.00, 5.60, 1.40 in, 0.22 lbs",1.00,5.60,1.40,0.22,N/A,Computer
"05/02/2025, 05:39 AM PDT","05/02/2025, 08:39 AM EDT","05/02/2025, 07:39 AM CDT","05/02/2025, 05:39 AM PDT",The Golden Girls Stay Golden Mints In Collectible Tin Blanche's Southern Charm,879317714,849795090748,N/A,N/A,Boston America,Grocery,Mint Candy,N/A,N/A,17586BLA,https://i5.walmartimages.com/seo/The-Golden-Girls-Stay-Golden-Mints-In-Collectible-Tin-Blanche-s-Southern-Charm_3040855f-bea1-4327-9a05-af67b1dbaf58.8a6d05b8317d0b2abf82afb9f36ce31e.jpeg,,N/A,https://www.walmart.com/ip/879317714,2.05,https://www.amazon.com/dp/B08YXJJM5Z,https://www.amazon.com/s?k=The%20Golden%20Girls%20Stay%20Golden%20Mints%20In%20Collectible%20Tin%20Blanche's%20Southern%20Charm,https://www.ebay.com/sch/i.html?_nkw=The%20Golden%20Girls%20Stay%20Golden%20Mints%20In%20Collectible%20Tin%20Blanche's%20Southern%20Charm,https://www.google.com/search?q=The%20Golden%20Girls%20Stay%20Golden%20Mints%20In%20Collectible%20Tin%20Blanche's%20Southern%20Charm,https://seller.walmart.com/catalog/add-items?search=879317714,N/A,no,no,no,2,0,2,54,BiG Confections,mfn,$7.88,4,$7.88,$8.09,7.88,2.05,0.69,8.78 %,33.76 %,7.05,2.19,1,$8.09,N/A,$5.14,$3.45,0,$0.63,8.00%,$0.00,1,$1.05,$0.30 /lb,$0.05,$0.00,$0.00,$0.00,$0.00,0,$0.00,,0,"Pulling package information from B08YXJJM5Z via amazon.com,3 or less sellers","3.78, 2.44, 0.87 in, 0.18 lbs",3.78,2.44,0.87,0.18,N/A,Computer
"04/30/2025, 06:29 AM PDT","04/30/2025, 09:29 AM EDT","04/30/2025, 08:29 AM CDT","04/30/2025, 06:29 AM PDT","Lily'S Sweets Covred Almond Dark Chocolate Stevia, 3.5 oz",482331575,810003460325,N/A,N/A,Lily's,Grocery,Chocolate Covered Nuts,N/A,N/A,0810003460325,https://i5.walmartimages.com/seo/Lily-S-Sweets-Covred-Almond-Dark-Chocolate-Stevia-3-5-oz_47e615fd-e8ae-44e1-8932-a49ef2d02ceb_1.f89d78f13eb8cce1b072f6d1918eb891.jpeg,,N/A,https://www.walmart.com/ip/482331575,5.9,https://www.amazon.com/dp/B07V9VSJ5N,https://www.amazon.com/s?k=Lily'S%20Sweets%20Covred%20Almond%20Dark%20Chocolate%20Stevia%2C%203.5%20oz,https://www.ebay.com/sch/i.html?_nkw=Lily'S%20Sweets%20Covred%20Almond%20Dark%20Chocolate%20Stevia%2C%203.5%20oz,https://www.google.com/search?q=Lily'S%20Sweets%20Covred%20Almond%20Dark%20Chocolate%20Stevia%2C%203.5%20oz,https://seller.walmart.com/catalog/add-items?search=482331575,N/A,no,no,no,1,0,1,125,Supplements Geeks,mfn,$10.99,125,$10.99,$10.99,10.99,5.9,0.67,6.12 %,11.41 %,10.15,5.26,1,$11.29,1k+ units sold this month on Amazon,$4.42,$3.45,0,$0.88,8.00%,$0.02,1,$0.07,$0.30 /lb,$0.07,$0.00,$0.00,$0.00,$0.00,0,$0.00,3.9,9,"Pulling package information from B07V9VSJ5N via amazon.com,3 or less sellers","7.72, 5.00, 0.94 in, 0.24 lbs",7.72,5.00,0.94,0.24,N/A,Computer
"04/30/2025, 12:22 AM PDT","04/30/2025, 03:22 AM EDT","04/30/2025, 02:22 AM CDT","04/30/2025, 12:22 AM PDT",Prince of Peace Pineapple Coconut Ginger Chews – Candied Ginger – 4 oz. bag - Pack of 2,3615658981,39278041187,N/A,N/A,Prince of Peace,Grocery,Chewy Candy,N/A,N/A,N/A,https://i5.walmartimages.com/seo/Prince-of-Peace-Pineapple-Coconut-Ginger-Chews-Candied-Ginger-4-oz-bag-Pack-of-2_d1337344-a60b-4258-83ef-6fe869d7a4c8.9f7488964bdf70c6808f2eb1a013ecc4.jpeg,,N/A,https://www.walmart.com/ip/3615658981,3.56,https://www.amazon.com/dp/B0BSYHVTLD,https://www.amazon.com/s?k=Prince%20of%20Peace%20Pineapple%20Coconut%20Ginger%20Chews%20%E2%80%93%20Candied%20Ginger%20%E2%80%93%204%20oz.%20bag%20-%20Pack%20of%202,https://www.ebay.com/sch/i.html?_nkw=Prince%20of%20Peace%20Pineapple%20Coconut%20Ginger%20Chews%20%E2%80%93%20Candied%20Ginger%20%E2%80%93%204%20oz.%20bag%20-%20Pack%20of%202,https://www.google.com/search?q=Prince%20of%20Peace%20Pineapple%20Coconut%20Ginger%20Chews%20%E2%80%93%20Candied%20Ginger%20%E2%80%93%204%20oz.%20bag%20-%20Pack%20of%202,https://seller.walmart.com/catalog/add-items?search=3615658981,N/A,no,no,no,4,0,4,88,"SGDC, LLC",mfn,$9.55,7,$9.55,$16.00,9.55,3.56,0.66,6.90 %,18.51 %,8.75,3.38,1,$4.70,400+ units sold this month on Amazon,$5.33,$3.45,0,$0.76,8.00%,$0.03,1,$1.09,$0.30 /lb,$0.09,$0.00,$0.00,$0.00,$0.00,0,$0.00,,0,Pulling package information from B0BSYHVTLD via amazon.com,"7.52, 4.96, 1.85 in, 0.29 lbs",7.52,4.96,1.85,0.29,N/A,Computer
"04/29/2025, 12:24 AM PDT","04/29/2025, 03:24 AM EDT","04/29/2025, 02:24 AM CDT","04/29/2025, 12:24 AM PDT","Chimes All Natural Ginger Chews, Mango 2 oz",132520887,51299111526,Single,1,Chimes,Grocery,Chewy Candy,N/A,N/A,051299111526,https://i5.walmartimages.com/seo/Chimes-All-Natural-Ginger-Chews-Mango-2-oz_65b11a18-1c94-4511-9f06-5e8e37df1ab1_1.a55c7f571fc2bb2cd252165cadda9523.jpeg,,N/A,https://www.walmart.com/ip/132520887,2.89,https://www.amazon.com/dp/B003BI1214,https://www.amazon.com/s?k=Chimes%20All%20Natural%20Ginger%20Chews%2C%20Mango%202%20oz,https://www.ebay.com/sch/i.html?_nkw=Chimes%20All%20Natural%20Ginger%20Chews%2C%20Mango%202%20oz,https://www.google.com/search?q=Chimes%20All%20Natural%20Ginger%20Chews%2C%20Mango%202%20oz,https://seller.walmart.com/catalog/add-items?search=132520887,N/A,no,no,no,1,0,1,56,Smallflower,mfn,$8.74,56,$8.74,$8.74,8.74,2.89,0.64,7.29 %,22.04 %,7.95,2.82,1,OOS,N/A,$5.21,$3.45,0,$0.70,8.00%,$0.00,1,$1.06,$0.30 /lb,$0.06,$0.00,$0.00,$0.00,$0.00,0,$0.00,4.3,3,"Pulling package information from B003BI1214 via amazon.com,3 or less sellers","3.35, 2.28, 1.14 in, 0.20 lbs",3.35,2.28,1.14,0.20,N/A,Computer
"04/30/2025, 01:06 AM PDT","04/30/2025, 04:06 AM EDT","04/30/2025, 03:06 AM CDT","04/30/2025, 01:06 AM PDT","Meiji Yan Yan Strawberry creme Cracker Stick With Dip , 2 oz",314343786,72320710037,Single,2,Meiji,Grocery,Snack Crackers,Meiji America Inc.,N/A,7746,https://i5.walmartimages.com/seo/Meiji-Yan-Yan-Strawberry-creme-Cracker-Stick-With-Dip-2-oz_2e3b97aa-c7d9-4f67-ba5a-dd3812eb5f6e_1.974670fb45d94406e2ba3e0ea26564c3.jpeg,,N/A,https://www.walmart.com/ip/314343786,3.14,https://www.amazon.com/dp/B075GS36ZH,https://www.amazon.com/s?k=Meiji%20Yan%20Yan%20Strawberry%20creme%20Cracker%20Stick%20With%20Dip%20%2C%202%20oz,https://www.ebay.com/sch/i.html?_nkw=Meiji%20Yan%20Yan%20Strawberry%20creme%20Cracker%20Stick%20With%20Dip%20%2C%202%20oz,https://www.google.com/search?q=Meiji%20Yan%20Yan%20Strawberry%20creme%20Cracker%20Stick%20With%20Dip%20%2C%202%20oz,https://seller.walmart.com/catalog/add-items?search=314343786,Popular pick,no,no,no,2,0,2,47,Strategic Sellers LLC,mfn,$8.99,6,$8.99,$8.99,8.99,3.14,0.62,6.88 %,19.70 %,8.25,3.01,1,$7.58,N/A,$5.23,$3.45,0,$0.72,8.00%,$0.01,1,$1.05,$0.30 /lb,$0.05,$0.00,$0.00,$0.00,$0.00,0,$0.00,5,5,"The listing has 2 variations,Pulling package information from B075GS36ZH via amazon.com,3 or less sellers","5.28, 2.32, 2.13 in, 0.17 lbs",5.28,2.32,2.13,0.17,N/A,Computer
"05/02/2025, 03:48 AM PDT","05/02/2025, 06:48 AM EDT","05/02/2025, 05:48 AM CDT","05/02/2025, 03:48 AM PDT","Sour Dough Face Twisters, Tangy and Fun Candy, 3.5 oz Bag (Pack of 12)",5008226119,793216110204,12,2,Face Twister,Grocery,Sour Candy,N/A,N/A,N/A,https://i5.walmartimages.com/seo/Sour-Dough-Face-Twisters-Tangy-and-Fun-Candy-3-5-oz-Bag-Pack-of-12_7318963c-e866-4ed9-aca8-16d3345a8361.24d71816771923fdd871bcbba8a422e7.jpeg,,N/A,https://www.walmart.com/ip/5008226119,15.84,N/A,https://www.amazon.com/s?k=Sour%20Dough%20Face%20Twisters%2C%20Tangy%20and%20Fun%20Candy%2C%203.5%20oz%20Bag%20(Pack%20of%2012),https://www.ebay.com/sch/i.html?_nkw=Sour%20Dough%20Face%20Twisters%2C%20Tangy%20and%20Fun%20Candy%2C%203.5%20oz%20Bag%20(Pack%20of%2012),https://www.google.com/search?q=Sour%20Dough%20Face%20Twisters%2C%20Tangy%20and%20Fun%20Candy%2C%203.5%20oz%20Bag%20(Pack%20of%2012),https://seller.walmart.com/catalog/add-items?search=5008226119,N/A,no,no,no,3,0,3,30,Shop The King,mfn,$27.19,2,$27.19,$30.35,27.19,15.84,0.53,1.96 %,3.36 %,26.45,13.10,1,NA,N/A,$10.82,$5.75,0,$4.08,15.00%,$0.11,1,$0.88,$0.30 /lb,$0.88,$0.00,$0.00,$0.00,$0.00,0,$0.00,,0,"The listing has 2 variations,For better accuracy, we’ve used dimensions from B074Z9D189 to provide more precise estimates,3 or less sellers","11.18, 6.14, 3.70 in, 2.93 lbs",11.18,6.14,3.70,2.93,N/A,Computer
"04/29/2025, 03:29 AM PDT","04/29/2025, 06:29 AM EDT","04/29/2025, 05:29 AM CDT","04/29/2025, 03:29 AM PDT","Boston America Dragonball Z Senzu Beans Candy, Sour Green Apple, 18 Count, 2 Oz",1887565566,611508593408,N/A,N/A,Boston America,Grocery,Sour Candy,N/A,N/A,N/A,https://i5.walmartimages.com/seo/Boston-America-Dragonball-Z-Senzu-Beans-Candy-Sour-Green-Apple-2-Ounce-18-Count-Display-Box_2d4a281c-92c9-4e8e-9838-6ad231101de5.c50152501c7f67c1966fc56f7be8f663.jpeg,,N/A,https://www.walmart.com/ip/1887565566,31.36,https://www.amazon.com/dp/B09MDQVLC6,https://www.amazon.com/s?k=Boston%20America%20Dragonball%20Z%20Senzu%20Beans%20Candy%2C%20Sour%20Green%20Apple%2C%2018%20Count%2C%202%20Oz,https://www.ebay.com/sch/i.html?_nkw=Boston%20America%20Dragonball%20Z%20Senzu%20Beans%20Candy%2C%20Sour%20Green%20Apple%2C%2018%20Count%2C%202%20Oz,https://www.google.com/search?q=Boston%20America%20Dragonball%20Z%20Senzu%20Beans%20Candy%2C%20Sour%20Green%20Apple%2C%2018%20Count%2C%202%20Oz,https://seller.walmart.com/catalog/add-items?search=1887565566,N/A,no,no,no,1,0,1,3,BiG Confections,mfn,$44.99,3,$44.99,$44.99,44.99,31.36,0.52,1.16 %,1.67 %,44.30,25.51,1,$34.06,50+ units sold this month on Amazon,$13.11,$5.45,0,$6.75,15.00%,$0.10,1,$0.81,$0.30 /lb,$0.81,$0.00,$0.00,$0.00,$0.00,0,$0.00,3,1,"Pulling package information from B09MDQVLC6 via amazon.com,3 or less sellers","10.12, 6.14, 3.74 in, 2.69 lbs",10.12,6.14,3.74,2.69,N/A,Computer
"04/29/2025, 03:40 AM PDT","04/29/2025, 06:40 AM EDT","04/29/2025, 05:40 AM CDT","04/29/2025, 03:40 AM PDT",Dragonball Z Piccolo Warrior Power 12oz Energy Drink,359092540,611508175628,N/A,N/A,Boston America,Grocery,Energy Drinks,N/A,N/A,17562,https://i5.walmartimages.com/seo/Dragonball-Z-Piccolo-Warrior-Power-12oz-Energy-Drink_f02a5214-c409-4c57-bfd4-5ce470c370ff_1.b2e361a435753d9af08bdbfd59fa4e30.jpeg,,N/A,https://www.walmart.com/ip/359092540,1.57,N/A,https://www.amazon.com/s?k=Dragonball%20Z%20Piccolo%20Warrior%20Power%2012oz%20Energy%20Drink,https://www.ebay.com/sch/i.html?_nkw=Dragonball%20Z%20Piccolo%20Warrior%20Power%2012oz%20Energy%20Drink,https://www.google.com/search?q=Dragonball%20Z%20Piccolo%20Warrior%20Power%2012oz%20Energy%20Drink,https://seller.walmart.com/catalog/add-items?search=359092540,N/A,no,no,no,2,0,2,24,Prepared With Care LLC,mfn,$8.99,17,$8.99,$9.99,8.99,1.57,0.49,5.46 %,31.24 %,8.35,1.65,1,NA,N/A,$6.93,$4.95,0,$0.72,8.00%,$0.01,1,$1.25,$0.30 /lb,$0.26,$0.00,$0.00,$0.00,$0.00,0,$0.00,,0,3 or less sellers,"2.30, 2.30, 2.30 in, 0.85 lbs",2.30,2.30,2.30,0.85,N/A,Computer
"04/29/2025, 04:10 AM PDT","04/29/2025, 07:10 AM EDT","04/29/2025, 06:10 AM CDT","04/29/2025, 04:10 AM PDT","Hi-Chew Dessert Mix, 3 oz Peg Bag",5324960101,857983004293,N/A,N/A,Hi-Chew,Grocery,Chewy Candy,N/A,N/A,55930,https://i5.walmartimages.com/seo/Hi-Chew-Dessert-Mix-3-oz-Peg-Bag_31080fb8-7c93-4118-969e-fb097a414d5d.37bb33aaaf49841b86aa56e56114b6bb.jpeg,,N/A,https://www.walmart.com/ip/5324960101,2.04,N/A,https://www.amazon.com/s?k=Hi-Chew%20Dessert%20Mix%2C%203%20oz%20Peg%20Bag,https://www.ebay.com/sch/i.html?_nkw=Hi-Chew%20Dessert%20Mix%2C%203%20oz%20Peg%20Bag,https://www.google.com/search?q=Hi-Chew%20Dessert%20Mix%2C%203%20oz%20Peg%20Bag,https://seller.walmart.com/catalog/add-items?search=5324960101,N/A,no,no,no,4,2,2,72,SARONITE,wfs,$7.66,9,$7.66,$10.02,7.66,2.04,0.48,6.33 %,23.75 %,7.05,2.02,1,NA,N/A,$5.14,$3.45,0,$0.61,8.00%,$0.01,1,$1.06,$0.30 /lb,$0.06,$0.00,$0.00,$0.00,$0.00,0,$0.00,1,1,"For better accuracy, we’ve used dimensions from B09R9MRLY5 to provide more precise estimates","7.40, 4.76, 0.83 in, 0.20 lbs",7.40,4.76,0.83,0.20,N/A,Computer
"05/03/2025, 12:57 AM PDT","05/03/2025, 03:57 AM EDT","05/03/2025, 02:57 AM CDT","05/03/2025, 12:57 AM PDT",Souracha,13269203630,72084020526,N/A,N/A,Howlers,Grocery,Sour Candy,N/A,N/A,N/A,https://i5.walmartimages.com/seo/Souracha_df05a2a3-a1dd-4dd4-963c-58933469c641.57e32b40709d16c6fc489a1b7d87d154.jpeg,,N/A,https://www.walmart.com/ip/13269203630,1.75,https://www.amazon.com/dp/B0F19GD498,https://www.amazon.com/s?k=Souracha,https://www.ebay.com/sch/i.html?_nkw=Souracha,https://www.google.com/search?q=Souracha,https://seller.walmart.com/catalog/add-items?search=13269203630,N/A,no,no,no,2,0,2,104,Vat19,mfn,$7.35,86,$7.35,$7.54,7.35,1.75,0.46,6.24 %,26.22 %,6.75,1.77,1,$7.79,N/A,$5.14,$3.45,0,$0.59,8.00%,$0.01,1,$1.09,$0.30 /lb,$0.09,$0.00,$0.00,$0.00,$0.00,0,$0.00,,0,"Pulling package information from B0F19GD498 via amazon.com,3 or less sellers","6.30, 2.24, 1.65 in, 0.31 lbs",6.30,2.24,1.65,0.31,N/A,Computer
"05/06/2025, 12:20 AM PDT","05/06/2025, 03:20 AM EDT","05/06/2025, 02:20 AM CDT","05/06/2025, 12:20 AM PDT","Nerds Halloween Spooky Ropes, Gummy Rope Candy, 0.92 oz",210843207,79200057770,Single,1,NERDS,Grocery,Gummy Candy,N/A,N/A,N/A,https://i5.walmartimages.com/seo/Nerds-Halloween-Spooky-Ropes-Gummy-Rope-Candy-0-92-oz_062fa02f-8782-40e8-9f62-e3529539d81f.125312732299f9a7b923e1a354bae486.jpeg,,N/A,https://www.walmart.com/ip/210843207,1.26,https://www.amazon.com/dp/B09TCB8G9F,https://www.amazon.com/s?k=Nerds%20Halloween%20Spooky%20Ropes%2C%20Gummy%20Rope%20Candy%2C%200.92%20oz,https://www.ebay.com/sch/i.html?_nkw=Nerds%20Halloween%20Spooky%20Ropes%2C%20Gummy%20Rope%20Candy%2C%200.92%20oz,https://www.google.com/search?q=Nerds%20Halloween%20Spooky%20Ropes%2C%20Gummy%20Rope%20Candy%2C%200.92%20oz,https://seller.walmart.com/catalog/add-items?search=210843207,N/A,no,no,no,1,0,1,10,BROADWAY,mfn,$6.70,10,$6.70,$6.70,6.7,1.26,0.44,6.56 %,34.86 %,6.15,1.36,1,OOS,N/A,$5.00,$3.45,0,$0.54,8.00%,$0.00,1,$1.01,$0.30 /lb,$0.01,$0.00,$0.00,$0.00,$0.00,0,$0.00,4.8,22,"Pulling package information from B09TCB8G9F via amazon.com,3 or less sellers","10.83, 1.65, 0.35 in, 0.04 lbs",10.83,1.65,0.35,0.04,N/A,Computer
"04/29/2025, 04:38 AM PDT","04/29/2025, 07:38 AM EDT","04/29/2025, 06:38 AM CDT","04/29/2025, 04:38 AM PDT","Hi‑Chew Strawberry Chews, 1.76 oz (Pack of 15) – Sweet, Juicy Chewy Candy",15381508970,460366247110,Strawberry,6,HI-CHEW,Grocery,Chewy Candy,N/A,N/A,N/A,https://i5.walmartimages.com/seo/Hi-Chew-Strawberry-Chews-1-76-oz-Pack-of-15-Sweet-Juicy-Chewy-Candy_8fa648a8-c45b-43b3-97c5-133910d37672.3b3d3f1c962a6729d2a1b242b89f96b4.jpeg,,N/A,https://www.walmart.com/ip/15381508970,16.95,N/A,https://www.amazon.com/s?k=Hi%E2%80%91Chew%20Strawberry%20Chews%2C%201.76%20oz%20(Pack%20of%2015)%20%E2%80%93%20Sweet%2C%20Juicy%20Chewy%20Candy,https://www.ebay.com/sch/i.html?_nkw=Hi%E2%80%91Chew%20Strawberry%20Chews%2C%201.76%20oz%20(Pack%20of%2015)%20%E2%80%93%20Sweet%2C%20Juicy%20Chewy%20Candy,https://www.google.com/search?q=Hi%E2%80%91Chew%20Strawberry%20Chews%2C%201.76%20oz%20(Pack%20of%2015)%20%E2%80%93%20Sweet%2C%20Juicy%20Chewy%20Candy,https://seller.walmart.com/catalog/add-items?search=15381508970,N/A,no,no,no,1,0,1,5,National Merchandise Solutions,mfn,$27.49,5,$27.49,$27.49,27.49,16.95,0.41,1.50 %,2.43 %,26.90,13.89,1,NA,N/A,$10.13,$5.45,0,$4.12,15.00%,$0.03,1,$0.53,$0.30 /lb,$0.53,$0.00,$0.00,$0.00,$0.00,0,$0.00,,0,"The listing has 6 variations,For better accuracy, we’ve used dimensions from B07JQX1Q85 to provide more precise estimates,3 or less sellers","6.69, 4.45, 2.01 in, 1.76 lbs",6.69,4.45,2.01,1.76,N/A,Computer
"04/29/2025, 04:17 AM PDT","04/29/2025, 07:17 AM EDT","04/29/2025, 06:17 AM CDT","04/29/2025, 04:17 AM PDT","Hi‑Chew Green Apple Chews, 1.76 oz (Pack of 15) – Crisp, Refreshing Chewy Candy",15381558929,460366243150,Green Apple,6,HI-CHEW,Grocery,Chewy Candy,N/A,N/A,N/A,https://i5.walmartimages.com/seo/Hi-Chew-Green-Apple-Chews-1-76-oz-Pack-of-15-Crisp-Refreshing-Chewy-Candy_8cbdd57b-adf7-42ff-ae79-80c33cfae140.69915dd5b1c4ae2b4171dfbdd45ee178.jpeg,,N/A,https://www.walmart.com/ip/15381558929,16.95,N/A,https://www.amazon.com/s?k=Hi%E2%80%91Chew%20Green%20Apple%20Chews%2C%201.76%20oz%20(Pack%20of%2015)%20%E2%80%93%20Crisp%2C%20Refreshing%20Chewy%20Candy,https://www.ebay.com/sch/i.html?_nkw=Hi%E2%80%91Chew%20Green%20Apple%20Chews%2C%201.76%20oz%20(Pack%20of%2015)%20%E2%80%93%20Crisp%2C%20Refreshing%20Chewy%20Candy,https://www.google.com/search?q=Hi%E2%80%91Chew%20Green%20Apple%20Chews%2C%201.76%20oz%20(Pack%20of%2015)%20%E2%80%93%20Crisp%2C%20Refreshing%20Chewy%20Candy,https://seller.walmart.com/catalog/add-items?search=15381558929,N/A,no,no,no,1,0,1,4,National Merchandise Solutions,mfn,$27.49,4,$27.49,$27.49,27.49,16.95,0.39,1.44 %,2.33 %,26.95,13.88,1,NA,N/A,$10.15,$5.45,0,$4.12,15.00%,$0.02,1,$0.55,$0.30 /lb,$0.55,$0.00,$0.00,$0.00,$0.00,0,$0.00,,0,"The listing has 6 variations,For better accuracy, we’ve used dimensions from B07JY6CC4W to provide more precise estimates,3 or less sellers","6.34, 4.45, 1.85 in, 1.83 lbs",6.34,4.45,1.85,1.83,N/A,Computer
"04/29/2025, 04:20 AM PDT","04/29/2025, 07:20 AM EDT","04/29/2025, 06:20 AM CDT","04/29/2025, 04:20 AM PDT","Hi‑Chew Mango Chews, 1.76 oz (Pack of 15) – Luscious Tropical Chewy Candy",15396270809,460366241583,Mango,6,HI-CHEW,Grocery,Chewy Candy,N/A,N/A,N/A,https://i5.walmartimages.com/seo/Hi-Chew-Mango-Chews-1-76-oz-Pack-of-15-Luscious-Tropical-Chewy-Candy_4ba7d748-36d0-4fcc-9b16-9bea59736e00.b9de74b6bd1c740f424ca3fb304d49a4.jpeg,,N/A,https://www.walmart.com/ip/15396270809,16.95,N/A,https://www.amazon.com/s?k=Hi%E2%80%91Chew%20Mango%20Chews%2C%201.76%20oz%20(Pack%20of%2015)%20%E2%80%93%20Luscious%20Tropical%20Chewy%20Candy,https://www.ebay.com/sch/i.html?_nkw=Hi%E2%80%91Chew%20Mango%20Chews%2C%201.76%20oz%20(Pack%20of%2015)%20%E2%80%93%20Luscious%20Tropical%20Chewy%20Candy,https://www.google.com/search?q=Hi%E2%80%91Chew%20Mango%20Chews%2C%201.76%20oz%20(Pack%20of%2015)%20%E2%80%93%20Luscious%20Tropical%20Chewy%20Candy,https://seller.walmart.com/catalog/add-items?search=15396270809,N/A,no,no,no,1,0,1,5,National Merchandise Solutions,mfn,$27.49,5,$27.49,$27.49,27.49,16.95,0.39,1.41 %,2.28 %,26.95,13.87,1,NA,N/A,$10.15,$5.45,0,$4.12,15.00%,$0.02,1,$0.56,$0.30 /lb,$0.56,$0.00,$0.00,$0.00,$0.00,0,$0.00,,0,"The listing has 6 variations,For better accuracy, we’ve used dimensions from B07JY77R5W to provide more precise estimates,3 or less sellers","6.57, 4.53, 1.89 in, 1.85 lbs",6.57,4.53,1.89,1.85,N/A,Computer
"04/29/2025, 04:46 AM PDT","04/29/2025, 07:46 AM EDT","04/29/2025, 06:46 AM CDT","04/29/2025, 04:46 AM PDT","Hi‑Chew Watermelon Chews, 1.76 oz (Pack of 15) – Refreshing Summer Chewy Candy",15396603170,460366250387,Watermelon,6,HI-CHEW,Grocery,Chewy Candy,N/A,N/A,N/A,https://i5.walmartimages.com/seo/Hi-Chew-Watermelon-Chews-1-76-oz-Pack-of-15-Refreshing-Summer-Chewy-Candy_81aa819f-9ea1-4384-b779-15618933f139.3b37dc3041f957990d3e5a015ddeeb59.jpeg,,N/A,https://www.walmart.com/ip/15396603170,16.95,N/A,https://www.amazon.com/s?k=Hi%E2%80%91Chew%20Watermelon%20Chews%2C%201.76%20oz%20(Pack%20of%2015)%20%E2%80%93%20Refreshing%20Summer%20Chewy%20Candy,https://www.ebay.com/sch/i.html?_nkw=Hi%E2%80%91Chew%20Watermelon%20Chews%2C%201.76%20oz%20(Pack%20of%2015)%20%E2%80%93%20Refreshing%20Summer%20Chewy%20Candy,https://www.google.com/search?q=Hi%E2%80%91Chew%20Watermelon%20Chews%2C%201.76%20oz%20(Pack%20of%2015)%20%E2%80%93%20Refreshing%20Summer%20Chewy%20Candy,https://seller.walmart.com/catalog/add-items?search=15396603170,N/A,no,no,no,1,0,1,5,National Merchandise Solutions,mfn,$27.49,5,$27.49,$27.49,27.49,16.95,0.39,1.42 %,2.30 %,26.95,13.87,1,NA,N/A,$10.15,$5.45,0,$4.12,15.00%,$0.03,1,$0.55,$0.30 /lb,$0.55,$0.00,$0.00,$0.00,$0.00,0,$0.00,,0,"The listing has 6 variations,For better accuracy, we’ve used dimensions from B0842XQYND to provide more precise estimates,3 or less sellers","6.69, 4.49, 2.09 in, 1.83 lbs",6.69,4.49,2.09,1.83,N/A,Computer
"04/30/2025, 12:31 AM PDT","04/30/2025, 03:31 AM EDT","04/30/2025, 02:31 AM CDT","04/30/2025, 12:31 AM PDT","UHA Mikakuto  1.76 oz Puchao Strawberry Candy, Pack of 10",1049345831,758218884270,N/A,N/A,UHA Mikakuto,Grocery,Gummy Candy,N/A,N/A,N/A,https://i5.walmartimages.com/seo/UHA-Mikakuto-1-76-oz-Puchao-Strawberry-Candy-Pack-of-10_7016bf03-b8dd-4d47-a1fc-d4f3a1dd2cf4.c769fb6e8d600abad841e7ed5c7711de.jpeg,,N/A,https://www.walmart.com/ip/1049345831,14.5,N/A,https://www.amazon.com/s?k=UHA%20Mikakuto%20%201.76%20oz%20Puchao%20Strawberry%20Candy%2C%20Pack%20of%2010,https://www.ebay.com/sch/i.html?_nkw=UHA%20Mikakuto%20%201.76%20oz%20Puchao%20Strawberry%20Candy%2C%20Pack%20of%2010,https://www.google.com/search?q=UHA%20Mikakuto%20%201.76%20oz%20Puchao%20Strawberry%20Candy%2C%20Pack%20of%2010,https://seller.walmart.com/catalog/add-items?search=1049345831,N/A,no,no,no,3,1,2,34,SJK Enterprises LLC,wfs,$23.76,2,$23.76,$29.37,23.76,14.5,0.36,1.51 %,2.47 %,23.25,11.89,1,NA,N/A,$8.90,$4.95,0,$3.56,15.00%,$0.02,1,$0.37,$0.30 /lb,$0.37,$0.00,$0.00,$0.00,$0.00,0,$0.00,,0,"For better accuracy, we’ve used dimensions from B01MFXF6Q3 to provide more precise estimates,3 or less sellers","5.98, 4.25, 1.65 in, 1.23 lbs",5.98,4.25,1.65,1.23,N/A,Computer
"04/29/2025, 12:13 AM PDT","04/29/2025, 03:13 AM EDT","04/29/2025, 02:13 AM CDT","04/29/2025, 12:13 AM PDT",Chimes Calmer Cacao Adaptogen Ginger Chews Candy 2.5 oz bag,328964202,51299111380,N/A,N/A,Chimes,Grocery,Chewy Candy,N/A,N/A,N/A,https://i5.walmartimages.com/seo/Chimes-Calmer-Cacao-Adaptogen-Ginger-Chews-Candy-2-5-oz-bag_4de36cd5-4a25-4aef-b705-0c8a4d88b273.899f8833a4953a0d47f84a014019c575.jpeg,,N/A,https://www.walmart.com/ip/328964202,2.61,https://www.amazon.com/dp/B00AJVECQI,https://www.amazon.com/s?k=Chimes%20Calmer%20Cacao%20Adaptogen%20Ginger%20Chews%20Candy%202.5%20oz%20bag,https://www.ebay.com/sch/i.html?_nkw=Chimes%20Calmer%20Cacao%20Adaptogen%20Ginger%20Chews%20Candy%202.5%20oz%20bag,https://www.google.com/search?q=Chimes%20Calmer%20Cacao%20Adaptogen%20Ginger%20Chews%20Candy%202.5%20oz%20bag,https://seller.walmart.com/catalog/add-items?search=328964202,N/A,no,no,no,1,0,1,1,VitaminLife,mfn,$8.12,1,$8.12,$8.12,8.12,2.61,0.34,4.22 %,13.14 %,7.65,2.36,1,OOS,N/A,$5.17,$3.45,0,$0.65,8.00%,$0.01,1,$1.05,$0.30 /lb,$0.05,$0.00,$0.00,$0.00,$0.00,0,$0.00,,0,"Pulling package information from B00AJVECQI via amazon.com,3 or less sellers","8.07, 4.09, 0.94 in, 0.18 lbs",8.07,4.09,0.94,0.18,N/A,Computer
"05/03/2025, 01:01 AM PDT","05/03/2025, 04:01 AM EDT","05/03/2025, 03:01 AM CDT","05/03/2025, 01:01 AM PDT","HUBBA BUBBA Sour Blue Raspberry Bubble Gum Tape, 2 oz (Pack of 12)",15152762290,610260449992,N/A,N/A,HUBBA BUBBA,Grocery,Chewing Gum,N/A,N/A,N/A,https://i5.walmartimages.com/seo/HUBBA-BUBBA-Sour-Blue-Raspberry-Bubble-Gum-Tape-2-oz-Pack-of-12_79b627b0-8371-4a7e-890b-0cca7b6f670f.299bdfbbcb6af43607e208430d86624f.jpeg,,N/A,https://www.walmart.com/ip/15152762290,13.92,N/A,https://www.amazon.com/s?k=HUBBA%20BUBBA%20Sour%20Blue%20Raspberry%20Bubble%20Gum%20Tape%2C%202%20oz%20(Pack%20of%2012),https://www.ebay.com/sch/i.html?_nkw=HUBBA%20BUBBA%20Sour%20Blue%20Raspberry%20Bubble%20Gum%20Tape%2C%202%20oz%20(Pack%20of%2012),https://www.google.com/search?q=HUBBA%20BUBBA%20Sour%20Blue%20Raspberry%20Bubble%20Gum%20Tape%2C%202%20oz%20(Pack%20of%2012),https://seller.walmart.com/catalog/add-items?search=15152762290,N/A,no,no,no,1,0,1,6,MnM LLC,mfn,$22.99,6,$22.99,$22.99,22.99,13.92,0.34,1.46 %,2.41 %,22.50,11.40,1,NA,N/A,$8.73,$4.95,0,$3.45,15.00%,$0.04,1,$0.30,$0.30 /lb,$0.30,$0.00,$0.00,$0.00,$0.00,0,$0.00,,0,"For better accuracy, we’ve used dimensions from B07QBR8KBX to provide more precise estimates,3 or less sellers","9.69, 3.90, 2.20 in, 1.00 lbs",9.69,3.90,2.20,1.00,N/A,Computer
"04/29/2025, 11:46 PM PDT","04/30/2025, 02:46 AM EDT","04/30/2025, 01:46 AM CDT","04/29/2025, 11:46 PM PDT","Glico Pocky Chocolate Cream Covered Biscuit Sticks, 2.47 oz",27505251,73141152334,Single,2,Pocky,Grocery,Chocolate Covered Snacks,N/A,N/A,N/A,https://i5.walmartimages.com/seo/Glico-Pocky-Chocolate-Cream-Covered-Biscuit-Sticks-2-47-oz_92d5c2da-1bb6-4230-8358-44d80fbd58c8.e251445ff2696a5269526f7cdbfb1bea.jpeg,,N/A,https://www.walmart.com/ip/27505251,2.51,https://www.amazon.com/dp/B00CNHKGGQ,https://www.amazon.com/s?k=Glico%20Pocky%20Chocolate%20Cream%20Covered%20Biscuit%20Sticks%2C%202.47%20oz,https://www.ebay.com/sch/i.html?_nkw=Glico%20Pocky%20Chocolate%20Cream%20Covered%20Biscuit%20Sticks%2C%202.47%20oz,https://www.google.com/search?q=Glico%20Pocky%20Chocolate%20Cream%20Covered%20Biscuit%20Sticks%2C%202.47%20oz,https://seller.walmart.com/catalog/add-items?search=27505251,N/A,no,no,no,3,0,3,10100,Online Special,mfn,$7.99,45,$7.99,$12.97,7.99,2.51,0.32,4.05 %,12.89 %,7.55,2.27,1,$9.89,N/A,$5.16,$3.45,0,$0.64,8.00%,$0.01,1,$1.06,$0.30 /lb,$0.06,$0.00,$0.00,$0.00,$0.00,0,$0.00,4.6,42,"The listing has 2 variations,For better accuracy, we’ve used dimensions from B004AH51VW to provide more precise estimates,3 or less sellers","5.75, 3.11, 0.94 in, 0.20 lbs",5.75,3.11,0.94,0.20,N/A,Computer
"05/02/2025, 04:17 AM PDT","05/02/2025, 07:17 AM EDT","05/02/2025, 06:17 AM CDT","05/02/2025, 04:17 AM PDT","PEZ DreamWorks Gabby's Dollhouse Collectable Candy Dispenser Blister Pack, 0.87 Ounce - Mercat",1055812584,73621797475,Mercat,3,PEZ,Grocery,Fruit Flavored Candy,N/A,N/A,N/A,https://i5.walmartimages.com/seo/PEZ-DreamWorks-Gabby-s-Dollhouse-Collectable-Candy-Dispenser-Blister-Pack-0-87-Ounce-Mercat_954b5a29-ce45-42c8-90ed-f7f04202f06b.76467074d7b32161f0f06676895efd10.jpeg,,N/A,https://www.walmart.com/ip/1055812584,1.63,N/A,https://www.amazon.com/s?k=PEZ%20DreamWorks%20Gabby's%20Dollhouse%20Collectable%20Candy%20Dispenser%20Blister%20Pack%2C%200.87%20Ounce%20-%20Mercat,https://www.ebay.com/sch/i.html?_nkw=PEZ%20DreamWorks%20Gabby's%20Dollhouse%20Collectable%20Candy%20Dispenser%20Blister%20Pack%2C%200.87%20Ounce%20-%20Mercat,https://www.google.com/search?q=PEZ%20DreamWorks%20Gabby's%20Dollhouse%20Collectable%20Candy%20Dispenser%20Blister%20Pack%2C%200.87%20Ounce%20-%20Mercat,https://seller.walmart.com/catalog/add-items?search=1055812584,N/A,no,no,no,0,0,0,0,N/A,N/A,0,,,Price,6.99,1.63,0.32,4.58 %,19.64 %,6.55,1.56,1,NA,N/A,$5.04,$3.45,0,$0.56,8.00%,$0.01,1,$1.02,$0.30 /lb,$0.02,$0.00,$0.00,$0.00,$0.00,0,$0.00,5,2,"The listing has 3 variations,For better accuracy, we’ve used dimensions from B0BTTTNRJC to provide more precise estimates,3 or less sellers","6.34, 2.68, 1.30 in, 0.07 lbs",6.34,2.68,1.30,0.07,N/A,Computer
"05/03/2025, 03:34 AM PDT","05/03/2025, 06:34 AM EDT","05/03/2025, 05:34 AM CDT","05/03/2025, 03:34 AM PDT","Jelly Belly Boba Milk Tea Flavored Gourmet Jelly Beans, 2.29 oz Mini Cup with Keychain",5428520264,71570019976,N/A,N/A,Jelly Belly,Grocery,Jelly Beans,N/A,N/A,N/A,https://i5.walmartimages.com/seo/Jelly-Belly-Boba-Milk-Tea-Flavored-Gourmet-Jelly-Beans-2-29-oz-Mini-Cup-with-Keychain_3f4344fb-9639-4c80-bba6-d2d4eefeee7c.0705600feef42f494c0190ad9b0f309b.jpeg,,N/A,https://www.walmart.com/ip/5428520264,2.8,https://www.amazon.com/dp/B0D43KQRNW,https://www.amazon.com/s?k=Jelly%20Belly%20Boba%20Milk%20Tea%20Flavored%20Gourmet%20Jelly%20Beans%2C%202.29%20oz%20Mini%20Cup%20with%20Keychain,https://www.ebay.com/sch/i.html?_nkw=Jelly%20Belly%20Boba%20Milk%20Tea%20Flavored%20Gourmet%20Jelly%20Beans%2C%202.29%20oz%20Mini%20Cup%20with%20Keychain,https://www.google.com/search?q=Jelly%20Belly%20Boba%20Milk%20Tea%20Flavored%20Gourmet%20Jelly%20Beans%2C%202.29%20oz%20Mini%20Cup%20with%20Keychain,https://seller.walmart.com/catalog/add-items?search=5428520264,N/A,no,no,no,1,1,0,6,Star Sales,wfs,$8.21,6,$8.21,$8.21,8.21,2.8,0.24,2.89 %,8.46 %,7.85,2.43,1,$7.30,50+ units sold this month on Amazon,$5.17,$3.45,0,$0.66,8.00%,$0.01,1,$1.06,$0.30 /lb,$0.06,$0.00,$0.00,$0.00,$0.00,0,$0.00,5,1,"Pulling package information from B0D43KQRNW via amazon.com,3 or less sellers","3.31, 2.28, 1.93 in, 0.20 lbs",3.31,2.28,1.93,0.20,N/A,Computer
"04/30/2025, 03:21 AM PDT","04/30/2025, 06:21 AM EDT","04/30/2025, 05:21 AM CDT","04/30/2025, 03:21 AM PDT",Black Forest Gummy Bears Organic 4 oz (Pack of 4),15287466034,664554067867,4,3,Black Forest,Grocery,Gummy Candy,N/A,N/A,N/A,https://i5.walmartimages.com/seo/Black-Forest-Gummy-Bears-Organic-4-oz-Pack-of-4_e4ee0266-4a41-4862-a069-c0e67aa8aa94.6a7b4e556efd381b76dc1de3b2b3732f.jpeg,,N/A,https://www.walmart.com/ip/15287466034,24.74,N/A,https://www.amazon.com/s?k=Black%20Forest%20Gummy%20Bears%20Organic%204%20oz%20(Pack%20of%204),https://www.ebay.com/sch/i.html?_nkw=Black%20Forest%20Gummy%20Bears%20Organic%204%20oz%20(Pack%20of%204),https://www.google.com/search?q=Black%20Forest%20Gummy%20Bears%20Organic%204%20oz%20(Pack%20of%204),https://seller.walmart.com/catalog/add-items?search=15287466034,N/A,no,no,no,1,0,1,50,Retailer Distributors ,mfn,$35.50,50,$35.50,$35.50,35.5,24.74,0.23,0.64 %,0.91 %,35.15,19.97,1,NA,N/A,$10.53,$4.95,0,$5.33,15.00%,$0.02,1,$0.24,$0.30 /lb,$0.24,$0.00,$0.00,$0.00,$0.00,0,$0.00,,0,"The listing has 3 variations,For better accuracy, we’ve used dimensions from B01CRE0MIG to provide more precise estimates,3 or less sellers","7.99, 5.00, 1.10 in, 0.80 lbs",7.99,5.00,1.10,0.80,N/A,Computer
"05/07/2025, 03:24 AM PDT","05/07/2025, 06:24 AM EDT","05/07/2025, 05:24 AM CDT","05/07/2025, 03:24 AM PDT","100 Grand, Crispy Milk Chocolate with Caramel, Full Size Candy Bar, 1.5 oz",216669349,99900694235,1,2,100 Grand,Grocery,Candy Bars & Miniatures,N/A,N/A,N/A,https://i5.walmartimages.com/seo/100-Grand-Crispy-Milk-Chocolate-with-Caramel-Full-Size-Candy-Bar-1-5-oz_ff32752b-51a6-4824-adad-2a071a316c1f.249b7466008f0e6a79513ab363d58e55.jpeg,,N/A,https://www.walmart.com/ip/216669349,1.12,https://www.amazon.com/dp/B01D4EUNR8,https://www.amazon.com/s?k=100%20Grand%2C%20Crispy%20Milk%20Chocolate%20with%20Caramel%2C%20Full%20Size%20Candy%20Bar%2C%201.5%20oz,https://www.ebay.com/sch/i.html?_nkw=100%20Grand%2C%20Crispy%20Milk%20Chocolate%20with%20Caramel%2C%20Full%20Size%20Candy%20Bar%2C%201.5%20oz,https://www.google.com/search?q=100%20Grand%2C%20Crispy%20Milk%20Chocolate%20with%20Caramel%2C%20Full%20Size%20Candy%20Bar%2C%201.5%20oz,https://seller.walmart.com/catalog/add-items?search=216669349,N/A,no,yes,no,1,1,0,53,Anmera,wfs,$6.31,53,$6.31,$6.31,6.31,1.12,0.19,3.07 %,17.32 %,6.00,1.05,1,$90.07,N/A,$5.00,$3.45,0,$0.50,8.00%,$0.01,1,$1.03,$0.30 /lb,$0.03,$0.00,$0.00,$0.00,$0.00,0,$0.00,4.5,71,"The listing has 2 variations,For better accuracy, we’ve used dimensions from B0004MWIK4 to provide more precise estimates,3 or less sellers","7.60, 5.75, 0.75 in, 0.09 lbs",7.60,5.75,0.75,0.09,N/A,Computer
"05/07/2025, 04:22 AM PDT","05/07/2025, 07:22 AM EDT","05/07/2025, 06:22 AM CDT","05/07/2025, 04:22 AM PDT",Altoids Cinnamon Breath Mints - 1.76 oz Tin,38253373,22000159359,1,10,Altoids,Grocery,Mint Candy,N/A,N/A,00022000159359,https://i5.walmartimages.com/seo/Altoids-Cinnamon-Breath-Mints-1-76-oz-Tin_21a556cd-1c53-4955-8d00-c3f36a32eb27.55ebf8d21920f6e4b43fea08c8c41387.jpeg,,N/A,https://www.walmart.com/ip/38253373,3.1,https://www.amazon.com/dp/B000NN5H9S,https://www.amazon.com/s?k=Altoids%20Cinnamon%20Breath%20Mints%20-%201.76%20oz%20Tin,https://www.ebay.com/sch/i.html?_nkw=Altoids%20Cinnamon%20Breath%20Mints%20-%201.76%20oz%20Tin,https://www.google.com/search?q=Altoids%20Cinnamon%20Breath%20Mints%20-%201.76%20oz%20Tin,https://seller.walmart.com/catalog/add-items?search=38253373,Best seller,no,yes,no,9,1,8,1106,eBelrosa,wfs,$8.39,16,$8.39,$14.99,8.39,3.1,0.11,1.33 %,3.61 %,8.20,2.57,1,$5.99,400+ units sold this month on Amazon,$5.18,$3.45,0,$0.67,8.00%,$0.00,1,$1.05,$0.30 /lb,$0.05,$0.00,$0.00,$0.00,$0.00,0,$0.00,4.5,97,"The listing has 10 variations,Pulling package information from B000NN5H9S via amazon.com","3.70, 2.36, 0.75 in, 0.18 lbs",3.70,2.36,0.75,0.18,N/A,Computer
"05/02/2025, 04:02 AM PDT","05/02/2025, 07:02 AM EDT","05/02/2025, 06:02 AM CDT","05/02/2025, 04:02 AM PDT","Kidsmania Flash Pop Lollipop Ring, Lights when You Wear It, .56-Ounce Rings (Pack of 24)",5067435837,100372766136,N/A,N/A,Kidsmania,Grocery,Lollipops & Suckers,N/A,N/A,N/A,https://i5.walmartimages.com/seo/Kidsmania-Flash-Pop-Lollipop-Ring-Lights-When-You-Wear-It-56-Ounce-Rings-Pack-Of-24_6c40d845-6549-4e5f-aeed-b7311ca427f3.339afa5ce1e77bd03a05bed451db9b77.jpeg,,N/A,https://www.walmart.com/ip/5067435837,18.48,N/A,https://www.amazon.com/s?k=Kidsmania%20Flash%20Pop%20Lollipop%20Ring%2C%20Lights%20when%20You%20Wear%20It%2C%20.56-Ounce%20Rings%20(Pack%20of%2024),https://www.ebay.com/sch/i.html?_nkw=Kidsmania%20Flash%20Pop%20Lollipop%20Ring%2C%20Lights%20when%20You%20Wear%20It%2C%20.56-Ounce%20Rings%20(Pack%20of%2024),https://www.google.com/search?q=Kidsmania%20Flash%20Pop%20Lollipop%20Ring%2C%20Lights%20when%20You%20Wear%20It%2C%20.56-Ounce%20Rings%20(Pack%20of%2024),https://seller.walmart.com/catalog/add-items?search=5067435837,N/A,no,no,no,2,1,1,28,SAI CANDY & BEYOND,wfs,$28.99,3,$28.99,$34.89,28.99,18.48,0.1,0.35 %,0.54 %,28.80,14.86,1,NA,N/A,$10.41,$5.45,0,$4.35,15.00%,$0.07,1,$0.54,$0.30 /lb,$0.54,$0.00,$0.00,$0.00,$0.00,0,$0.00,,0,"For better accuracy, we’ve used dimensions from B001BOLD0K to provide more precise estimates,3 or less sellers","6.26, 5.43, 4.61 in, 1.81 lbs",6.26,5.43,4.61,1.81,N/A,Computer
"04/29/2025, 03:53 AM PDT","04/29/2025, 06:53 AM EDT","04/29/2025, 05:53 AM CDT","04/29/2025, 03:53 AM PDT",Hello Panda Chocolate Creme Filled Cookies 8 0.75 Bags,2679611072,72320700519,N/A,N/A,Meiji Hello Panda,Grocery,Cookies,N/A,N/A,N/A,https://i5.walmartimages.com/seo/Hello-Panda-Chocolate-Creme-Filled-Cookies-8-0-75-Bags_761433e9-3a89-4c8a-a467-c1e1a1fbee65.e367fc841332daf41240ca3cd6d6a7db.jpeg,,N/A,https://www.walmart.com/ip/2679611072,4.7,N/A,https://www.amazon.com/s?k=Hello%20Panda%20Chocolate%20Creme%20Filled%20Cookies%208%200.75%20Bags,https://www.ebay.com/sch/i.html?_nkw=Hello%20Panda%20Chocolate%20Creme%20Filled%20Cookies%208%200.75%20Bags,https://www.google.com/search?q=Hello%20Panda%20Chocolate%20Creme%20Filled%20Cookies%208%200.75%20Bags,https://seller.walmart.com/catalog/add-items?search=2679611072,N/A,no,no,no,3,0,3,20,SosoOneStopShop LLC,mfn,$12.00,5,$12.00,$14.65,12,4.7,0.07,0.61 %,1.55 %,11.85,3.82,1,NA,N/A,$7.23,$5.75,0,$0.96,8.00%,$0.21,1,$0.31,$0.30 /lb,$0.31,$0.00,$0.00,$0.00,$0.00,0,$0.00,4.8,1419,"For better accuracy, we’ve used dimensions from B07JVWM9NK to provide more precise estimates,3 or less sellers","11.34, 7.95, 5.24 in, 1.04 lbs",11.34,7.95,5.24,1.04,N/A,Computer
"04/30/2025, 12:18 AM PDT","04/30/2025, 03:18 AM EDT","04/30/2025, 02:18 AM CDT","04/30/2025, 12:18 AM PDT","Prince of Peace Ginger Chews with Lychee, 4 oz. – Candied Ginger – Lychee Flavored Candy – Lychee Ginger Chews",304177556,39278040586,1 Pack,1,Prince of Peace,Health & Personal Care,"Nutrition Bars, Gels & Chews",N/A,N/A,F-04115,https://i5.walmartimages.com/seo/Prince-of-Peace-Ginger-Chews-with-Lychee-4-oz-Candied-Ginger-Lychee-Flavored-Candy-Lychee-Ginger-Chews_2edd9752-404f-404d-b300-cea951b49b69.b675f9234eced037cb99daef00faf85c.png,,N/A,https://www.walmart.com/ip/304177556,1.78,https://www.amazon.com/dp/B0848D7JJD,https://www.amazon.com/s?k=Prince%20of%20Peace%20Ginger%20Chews%20with%20Lychee%2C%204%20oz.%20%E2%80%93%20Candied%20Ginger%20%E2%80%93%20Lychee%20Flavored%20Candy%20%E2%80%93%20Lychee%20Ginger%20Chews,https://www.ebay.com/sch/i.html?_nkw=Prince%20of%20Peace%20Ginger%20Chews%20with%20Lychee%2C%204%20oz.%20%E2%80%93%20Candied%20Ginger%20%E2%80%93%20Lychee%20Flavored%20Candy%20%E2%80%93%20Lychee%20Ginger%20Chews,https://www.google.com/search?q=Prince%20of%20Peace%20Ginger%20Chews%20with%20Lychee%2C%204%20oz.%20%E2%80%93%20Candied%20Ginger%20%E2%80%93%20Lychee%20Flavored%20Candy%20%E2%80%93%20Lychee%20Ginger%20Chews,https://seller.walmart.com/catalog/add-items?search=304177556,N/A,no,no,no,6,2,4,219,Hidden Gems LLC,wfs,$6.97,32,$6.97,$8.84,6.97,1.78,0.07,1.01 %,3.97 %,6.80,1.48,1,$5.00,200+ units sold this month on Amazon,$5.12,$3.45,0,$0.56,8.00%,$0.04,1,$1.07,$0.30 /lb,$0.07,$0.00,$0.00,$0.00,$0.00,0,$0.00,4.5,31,N/A,"7.70, 5.50, 2.00 in, 0.25 lbs",7.70,5.50,2.00,0.25,N/A,Computer
"05/02/2025, 03:49 AM PDT","05/02/2025, 06:49 AM EDT","05/02/2025, 05:49 AM CDT","05/02/2025, 03:49 AM PDT","Face Twisters Sour Slime, Sour Liquid Gel Candy, 1.4 oz., Contains Wheat & Corn",1952473182,793216100502,Blue,2,Face Twisters,Grocery,Sour Candy,N/A,N/A,10010,https://i5.walmartimages.com/seo/Face-Twisters-Sour-Slime-Sour-Liquid-Gel-Candy-1-4-oz-Contains-Wheat-Corn_a139a1da-2968-4b36-a5d6-355ddcf1ce34.1bb3060c1587e3d9642af3d75f11d4f1.jpeg,,N/A,https://www.walmart.com/ip/1952473182,1.52,N/A,https://www.amazon.com/s?k=Face%20Twisters%20Sour%20Slime%2C%20Sour%20Liquid%20Gel%20Candy%2C%201.4%20oz.%2C%20Contains%20Wheat%20%26%20Corn,https://www.ebay.com/sch/i.html?_nkw=Face%20Twisters%20Sour%20Slime%2C%20Sour%20Liquid%20Gel%20Candy%2C%201.4%20oz.%2C%20Contains%20Wheat%20%26%20Corn,https://www.google.com/search?q=Face%20Twisters%20Sour%20Slime%2C%20Sour%20Liquid%20Gel%20Candy%2C%201.4%20oz.%2C%20Contains%20Wheat%20%26%20Corn,https://seller.walmart.com/catalog/add-items?search=1952473182,N/A,no,no,no,1,0,1,25,Valyou General,mfn,$9.31,25,$9.31,$9.31,9.31,1.52,-0.04,-0.48 %,-2.93 %,9.25,1.18,1,NA,N/A,$7.83,$5.45,0,$0.74,8.00%,$0.06,1,$1.58,$0.30 /lb,$0.58,$0.00,$0.00,$0.00,$0.00,0,$0.00,3.8,14,"The listing has 2 variations,For better accuracy, we’ve used dimensions from B093XZKK1K to provide more precise estimates,3 or less sellers","6.97, 5.16, 3.70 in, 1.94 lbs",6.97,5.16,3.70,1.94,N/A,Computer
"05/05/2025, 04:33 AM PDT","05/05/2025, 07:33 AM EDT","05/05/2025, 06:33 AM CDT","05/05/2025, 04:33 AM PDT","Justice League Superhero Candy Sticks & Tattoo Inside Each Pack, 30 Pack, Kids Party Favors, Goodie Bags",15294154462,840258825693,N/A,N/A,The Hampton Popcorn & Candy Company,Home & Garden,Party Favors,Distributed by The Hampton Popcorn & Candy Co,N/A,N/A,https://i5.walmartimages.com/seo/Justice-League-Superhero-Candy-Sticks-Tattoo-Inside-Each-Pack-30-Pack-Kids-Party-Favors-Goodie-Bags_66e7f218-cca2-4550-8155-1ddc18f7db8d.bef6b3c5416daa4518f622b5804b9d53.jpeg,,N/A,https://www.walmart.com/ip/15294154462,10.8,https://www.amazon.com/dp/B0DD4H19JV,https://www.amazon.com/s?k=Justice%20League%20Superhero%20Candy%20Sticks%20%26%20Tattoo%20Inside%20Each%20Pack%2C%2030%20Pack%2C%20Kids%20Party%20Favors%2C%20Goodie%20Bags,https://www.ebay.com/sch/i.html?_nkw=Justice%20League%20Superhero%20Candy%20Sticks%20%26%20Tattoo%20Inside%20Each%20Pack%2C%2030%20Pack%2C%20Kids%20Party%20Favors%2C%20Goodie%20Bags,https://www.google.com/search?q=Justice%20League%20Superhero%20Candy%20Sticks%20%26%20Tattoo%20Inside%20Each%20Pack%2C%2030%20Pack%2C%20Kids%20Party%20Favors%2C%20Goodie%20Bags,https://seller.walmart.com/catalog/add-items?search=15294154462,N/A,no,no,no,1,1,0,32,The Hampton Popcorn & Candy Co,wfs,$16.99,32,$16.99,$16.99,16.99,10.8,-0.05,-0.29 %,-0.45 %,16.95,8.60,1,$16.99,N/A,$6.24,$3.45,0,$2.55,15.00%,$0.05,1,$0.19,$0.30 /lb,$0.19,$0.00,$0.00,$0.00,$0.00,0,$0.00,,0,"Pulling package information from B0DD4H19JV via amazon.com,3 or less sellers","5.00, 5.00, 5.00 in, 0.62 lbs",5.00,5.00,5.00,0.62,N/A,Computer
"04/29/2025, 11:38 PM PDT","04/30/2025, 02:38 AM EDT","04/30/2025, 01:38 AM CDT","04/29/2025, 11:38 PM PDT","Glico Pocky's Friend Pejoy Chocolate Cream Filled Biscuit Sticks, 1.13 oz",36816593,73141152969,Single,2,Pocky,Grocery,Cookies,N/A,N/A,26451,https://i5.walmartimages.com/seo/Glico-Pocky-s-Friend-Pejoy-Chocolate-Cream-Filled-Biscuit-Sticks-1-13-oz_73313113-853f-4051-a23f-76121832f30e.6a03a1b31022281bf9335b17a211184c.jpeg,,N/A,https://www.walmart.com/ip/36816593,1.35,https://www.amazon.com/dp/B00SOEDSPI,https://www.amazon.com/s?k=Glico%20Pocky's%20Friend%20Pejoy%20Chocolate%20Cream%20Filled%20Biscuit%20Sticks%2C%201.13%20oz,https://www.ebay.com/sch/i.html?_nkw=Glico%20Pocky's%20Friend%20Pejoy%20Chocolate%20Cream%20Filled%20Biscuit%20Sticks%2C%201.13%20oz,https://www.google.com/search?q=Glico%20Pocky's%20Friend%20Pejoy%20Chocolate%20Cream%20Filled%20Biscuit%20Sticks%2C%201.13%20oz,https://seller.walmart.com/catalog/add-items?search=36816593,N/A,yes,no,no,1,0,1,1,baandeali512 LLC,mfn,$6.23,1,$6.23,$6.23,6.23,1.35,-0.11,-1.72 %,-7.93 %,6.25,0.99,1,$2.79,N/A,$4.99,$3.45,0,$0.50,8.00%,$0.01,1,$1.03,$0.30 /lb,$0.03,$0.00,$0.00,$0.00,$0.00,0,$0.00,4,4,"The listing has 2 variations,Pulling package information from B00SOEDSPI via amazon.com,3 or less sellers","5.79, 2.28, 0.98 in, 0.11 lbs",5.79,2.28,0.98,0.11,N/A,Computer
"05/01/2025, 11:35 PM PDT","05/02/2025, 02:35 AM EDT","05/02/2025, 01:35 AM CDT","05/01/2025, 11:35 PM PDT","DC Comics Batman Nemesis Candy Tin, 1.2 Ounces of Sour Blue Raspberry Batman Logo Candy",2797408592,611508176250,1 Tin,2,Boston America,Grocery,Sour Candy,N/A,N/A,N/A,https://i5.walmartimages.com/seo/DC-Comics-Batman-Nemesis-Candy-Tin-1-2-Ounces-of-Sour-Blue-Raspberry-Batman-Logo-Candy_bdb50814-2829-4417-9f7f-aa9f6fbe93d9.b5d032e8ad8499b3a00d33d6bf08fc57.jpeg,,N/A,https://www.walmart.com/ip/2797408592,2.05,https://www.amazon.com/dp/B0B6WRCXC7,https://www.amazon.com/s?k=DC%20Comics%20Batman%20Nemesis%20Candy%20Tin%2C%201.2%20Ounces%20of%20Sour%20Blue%20Raspberry%20Batman%20Logo%20Candy,https://www.ebay.com/sch/i.html?_nkw=DC%20Comics%20Batman%20Nemesis%20Candy%20Tin%2C%201.2%20Ounces%20of%20Sour%20Blue%20Raspberry%20Batman%20Logo%20Candy,https://www.google.com/search?q=DC%20Comics%20Batman%20Nemesis%20Candy%20Tin%2C%201.2%20Ounces%20of%20Sour%20Blue%20Raspberry%20Batman%20Logo%20Candy,https://seller.walmart.com/catalog/add-items?search=2797408592,N/A,no,no,no,1,0,1,7,BiG Confections,mfn,$6.99,7,$6.99,$6.99,6.99,2.05,-0.11,-1.58 %,-5.38 %,7.05,1.55,1,$4.00,50+ units sold this month on Amazon,$5.05,$3.45,0,$0.56,8.00%,$0.00,1,$1.04,$0.30 /lb,$0.04,$0.00,$0.00,$0.00,$0.00,0,$0.00,,0,"The listing has 2 variations,Pulling package information from B0B6WRCXC7 via amazon.com,3 or less sellers","3.31, 1.97, 0.75 in, 0.13 lbs",3.31,1.97,0.75,0.13,N/A,Computer
"05/02/2025, 12:09 AM PDT","05/02/2025, 03:09 AM EDT","05/02/2025, 02:09 AM CDT","05/02/2025, 12:09 AM PDT",Cell Sours Candy Tin,664536459,611508571109,1 Tin,1,Boston America,Grocery,Sour Candy,N/A,N/A,5711,https://i5.walmartimages.com/seo/Cell-Sours-Candy-Tin_a886cca4-1506-41f0-afcf-38d740eb3134.415913cd90ab9577b6f283ca80e217cf.jpeg,,N/A,https://www.walmart.com/ip/664536459,2.05,https://www.amazon.com/dp/B0776YKKQJ,https://www.amazon.com/s?k=Cell%20Sours%20Candy%20Tin,https://www.ebay.com/sch/i.html?_nkw=Cell%20Sours%20Candy%20Tin,https://www.google.com/search?q=Cell%20Sours%20Candy%20Tin,https://seller.walmart.com/catalog/add-items?search=664536459,N/A,no,no,no,1,0,1,10,BiG Confections,mfn,$6.99,10,$6.99,$6.99,6.99,2.05,-0.12,-1.67 %,-5.68 %,7.05,1.55,1,$5.41,N/A,$5.06,$3.45,0,$0.56,8.00%,$0.00,1,$1.04,$0.30 /lb,$0.04,$0.00,$0.00,$0.00,$0.00,0,$0.00,,0,"Pulling package information from B0776YKKQJ via amazon.com,3 or less sellers","4.72, 2.48, 0.43 in, 0.15 lbs",4.72,2.48,0.43,0.15,N/A,Computer
"04/30/2025, 12:52 AM PDT","04/30/2025, 03:52 AM EDT","04/30/2025, 02:52 AM CDT","04/30/2025, 12:52 AM PDT",Rilakkuma Marshmallow Flavored Lazy Day Sweets Candy - .7-oz. Tin,488480776,611508174775,N/A,N/A,Rilakkuma,Grocery,Marshmallows,N/A,N/A,N/A,https://i5.walmartimages.com/seo/Rilakkuma-Marshmallow-Flavored-Lazy-Day-Sweets-Candy-7-oz-Tin_f44cd1bd-6ba7-4615-8901-22499b0e919f.02ceef002354431f5e612d264a06b2ad.jpeg,,N/A,https://www.walmart.com/ip/488480776,2.05,N/A,https://www.amazon.com/s?k=Rilakkuma%20Marshmallow%20Flavored%20Lazy%20Day%20Sweets%20Candy%20-%20.7-oz.%20Tin,https://www.ebay.com/sch/i.html?_nkw=Rilakkuma%20Marshmallow%20Flavored%20Lazy%20Day%20Sweets%20Candy%20-%20.7-oz.%20Tin,https://www.google.com/search?q=Rilakkuma%20Marshmallow%20Flavored%20Lazy%20Day%20Sweets%20Candy%20-%20.7-oz.%20Tin,https://seller.walmart.com/catalog/add-items?search=488480776,N/A,no,no,no,1,0,1,11,BiG Confections,mfn,$6.99,11,$6.99,$6.99,6.99,2.05,-0.13,-1.84 %,-6.29 %,7.05,1.54,1,NA,N/A,$5.07,$3.45,0,$0.56,8.00%,$0.01,1,$1.05,$0.30 /lb,$0.05,$0.00,$0.00,$0.00,$0.00,0,$0.00,,0,"For better accuracy, we’ve used dimensions from B07C8LC1RZ to provide more precise estimates,3 or less sellers","2.95, 2.40, 1.85 in, 0.18 lbs",2.95,2.40,1.85,0.18,N/A,Computer
"05/01/2025, 03:22 AM PDT","05/01/2025, 06:22 AM EDT","05/01/2025, 05:22 AM CDT","05/01/2025, 03:22 AM PDT","Boston America Christmas Story Fudge it Up Sour Cherry Soap Candies Tin, 1.2 Oz",247737725,611508176137,1 Tin,2,Boston America,Grocery,Hard Candy,N/A,N/A,HG2710887,https://i5.walmartimages.com/seo/Boston-America-Christmas-Story-Fudge-it-Up-Sour-Cherry-Soap-Candies-Tin-1-2-Oz_ed696c34-b5c3-4856-b848-4b0bf4dd6df3.7af530d8a852965a07941bbad8b37d4e.png,,N/A,https://www.walmart.com/ip/247737725,2.07,https://www.amazon.com/dp/B09L3FK6NX,https://www.amazon.com/s?k=Boston%20America%20Christmas%20Story%20Fudge%20it%20Up%20Sour%20Cherry%20Soap%20Candies%20Tin%2C%201.2%20Oz,https://www.ebay.com/sch/i.html?_nkw=Boston%20America%20Christmas%20Story%20Fudge%20it%20Up%20Sour%20Cherry%20Soap%20Candies%20Tin%2C%201.2%20Oz,https://www.google.com/search?q=Boston%20America%20Christmas%20Story%20Fudge%20it%20Up%20Sour%20Cherry%20Soap%20Candies%20Tin%2C%201.2%20Oz,https://seller.walmart.com/catalog/add-items?search=247737725,N/A,no,no,no,1,0,1,11,BiG Confections,mfn,$6.99,11,$6.99,$6.99,6.99,2.07,-0.14,-1.96 %,-6.63 %,7.05,1.55,1,$5.87,N/A,$5.06,$3.45,0,$0.56,8.00%,$0.00,1,$1.04,$0.30 /lb,$0.04,$0.00,$0.00,$0.00,$0.00,0,$0.00,,0,"The listing has 2 variations,Pulling package information from B09L3FK6NX via amazon.com,3 or less sellers","2.87, 2.80, 0.87 in, 0.15 lbs",2.87,2.80,0.87,0.15,N/A,Computer
"05/03/2025, 12:45 AM PDT","05/03/2025, 03:45 AM EDT","05/03/2025, 02:45 AM CDT","05/03/2025, 12:45 AM PDT",Harley Quinn Mad Love Sour Cherry Candy 1.0 oz.,2256949523,611508176595,1,2,Boston America,Grocery,Sour Candy,N/A,N/A,N/A,https://i5.walmartimages.com/seo/Harley-Quinn-Mad-Love-Sour-Cherry-Candy-1-0-oz_af84be5a-101d-453e-b7ef-8a7d268c68ed.0d9eb010e3d7558d68225f1ac76feb3b.jpeg,,N/A,https://www.walmart.com/ip/2256949523,2.05,N/A,https://www.amazon.com/s?k=Harley%20Quinn%20Mad%20Love%20Sour%20Cherry%20Candy%201.0%20oz.,https://www.ebay.com/sch/i.html?_nkw=Harley%20Quinn%20Mad%20Love%20Sour%20Cherry%20Candy%201.0%20oz.,https://www.google.com/search?q=Harley%20Quinn%20Mad%20Love%20Sour%20Cherry%20Candy%201.0%20oz.,https://seller.walmart.com/catalog/add-items?search=2256949523,N/A,no,no,no,1,0,1,2,BiG Confections,mfn,$6.99,2,$6.99,$6.99,6.99,2.05,-0.14,-2.06 %,-7.02 %,7.05,1.52,1,NA,N/A,$5.08,$3.45,0,$0.56,8.00%,$0.01,1,$1.07,$0.30 /lb,$0.07,$0.00,$0.00,$0.00,$0.00,0,$0.00,,0,"The listing has 2 variations,For better accuracy, we’ve used dimensions from B0CSZC1HS8 to provide more precise estimates,3 or less sellers","7.83, 4.37, 0.59 in, 0.22 lbs",7.83,4.37,0.59,0.22,N/A,Computer
"04/30/2025, 12:16 AM PDT","04/30/2025, 03:16 AM EDT","04/30/2025, 02:16 AM CDT","04/30/2025, 12:16 AM PDT","Prince of Peace Blood Orange Ginger Chews, 4 oz. – Candied Ginger – Candy Pack – Ginger Chews Candy – Natural Candy",1244779348,39278041170,"1, 1",2,Prince of Peace,Health & Personal Care,"Nutrition Bars, Gels & Chews",N/A,N/A,N/A,https://i5.walmartimages.com/seo/Prince-of-Peace-Blood-Orange-Ginger-Chews-4-oz-Candied-Ginger-Candy-Pack-Ginger-Chews-Candy-Natural-Candy_1434f9fa-7681-428e-9257-494eef4fe1e0.9a60b08e86ec3afa165d17ae472574fb.jpeg,,N/A,https://www.walmart.com/ip/1244779348,2.3,https://www.amazon.com/dp/B0BFT3MLMN,https://www.amazon.com/s?k=Prince%20of%20Peace%20Blood%20Orange%20Ginger%20Chews%2C%204%20oz.%20%E2%80%93%20Candied%20Ginger%20%E2%80%93%20Candy%20Pack%20%E2%80%93%20Ginger%20Chews%20Candy%20%E2%80%93%20Natural%20Candy,https://www.ebay.com/sch/i.html?_nkw=Prince%20of%20Peace%20Blood%20Orange%20Ginger%20Chews%2C%204%20oz.%20%E2%80%93%20Candied%20Ginger%20%E2%80%93%20Candy%20Pack%20%E2%80%93%20Ginger%20Chews%20Candy%20%E2%80%93%20Natural%20Candy,https://www.google.com/search?q=Prince%20of%20Peace%20Blood%20Orange%20Ginger%20Chews%2C%204%20oz.%20%E2%80%93%20Candied%20Ginger%20%E2%80%93%20Candy%20Pack%20%E2%80%93%20Ginger%20Chews%20Candy%20%E2%80%93%20Natural%20Candy,https://seller.walmart.com/catalog/add-items?search=1244779348,N/A,yes,no,no,10,1,9,638,USAHerbs,wfs,$7.99,5,$7.29,$9.98,7.29,2.3,-0.15,-2.12 %,-6.73 %,7.35,1.72,1,$5.25,600+ units sold this month on Amazon,$5.14,$3.45,0,$0.58,8.00%,$0.04,1,$1.07,$0.30 /lb,$0.07,$0.00,$0.00,$0.00,$0.00,0,$0.00,5,3,The listing has 2 variations,"7.68, 5.50, 2.00 in, 0.25 lbs",7.68,5.50,2.00,0.25,N/A,Computer
"05/01/2025, 03:24 AM PDT","05/01/2025, 06:24 AM EDT","05/01/2025, 05:24 AM CDT","05/01/2025, 03:24 AM PDT",Boston America - Mints Tin - HE LOOKS LIKE A PINK NIGHTMARE (A Christmas Story)(Pink Bunny Mints),968100124,611508176120,1,2,Boston America,Grocery,Mint Candy,N/A,N/A,N/A,https://i5.walmartimages.com/seo/Boston-America-Mints-Tin-HE-LOOKS-LIKE-A-PINK-NIGHTMARE-A-Christmas-Story-Pink-Bunny-Mints_1d060bd6-0c81-4f69-a764-341f02df0cb0.94a19a6502433595dd9a61e8c2737c61.jpeg,,N/A,https://www.walmart.com/ip/968100124,2.07,https://www.amazon.com/dp/B09D3ZS9VG,https://www.amazon.com/s?k=Boston%20America%20-%20Mints%20Tin%20-%20HE%20LOOKS%20LIKE%20A%20PINK%20NIGHTMARE%20(A%20Christmas%20Story)(Pink%20Bunny%20Mints),https://www.ebay.com/sch/i.html?_nkw=Boston%20America%20-%20Mints%20Tin%20-%20HE%20LOOKS%20LIKE%20A%20PINK%20NIGHTMARE%20(A%20Christmas%20Story)(Pink%20Bunny%20Mints),https://www.google.com/search?q=Boston%20America%20-%20Mints%20Tin%20-%20HE%20LOOKS%20LIKE%20A%20PINK%20NIGHTMARE%20(A%20Christmas%20Story)(Pink%20Bunny%20Mints),https://seller.walmart.com/catalog/add-items?search=968100124,N/A,no,no,no,3,0,3,155,BiG Confections,mfn,$6.99,40,$6.99,$7.89,6.99,2.07,-0.15,-2.10 %,-7.08 %,7.05,1.54,1,$4.70,N/A,$5.07,$3.45,0,$0.56,8.00%,$0.00,1,$1.05,$0.30 /lb,$0.05,$0.00,$0.00,$0.00,$0.00,0,$0.00,,0,"The listing has 2 variations,Pulling package information from B09D3ZS9VG via amazon.com,3 or less sellers","3.74, 2.36, 0.87 in, 0.18 lbs",3.74,2.36,0.87,0.18,N/A,Computer
"05/03/2025, 03:24 AM PDT","05/03/2025, 06:24 AM EDT","05/03/2025, 05:24 AM CDT","05/03/2025, 03:24 AM PDT",Jaws Amity Island Sours Candy 1.2 oz. Tin,579302051,611508175741,1 Tin,2,Boston America,Grocery,Sour Candy,N/A,N/A,N/A,https://i5.walmartimages.com/seo/Jaws-Amity-Island-Sours-Candy-1-2-oz-Tin_32ff3adc-75e1-4044-9191-c5f76e055478.fb9e469f7045caed7f1bd8cbae6e6c76.jpeg,,N/A,https://www.walmart.com/ip/579302051,1.99,https://www.amazon.com/dp/B098HPPDYK,https://www.amazon.com/s?k=Jaws%20Amity%20Island%20Sours%20Candy%201.2%20oz.%20Tin,https://www.ebay.com/sch/i.html?_nkw=Jaws%20Amity%20Island%20Sours%20Candy%201.2%20oz.%20Tin,https://www.google.com/search?q=Jaws%20Amity%20Island%20Sours%20Candy%201.2%20oz.%20Tin,https://seller.walmart.com/catalog/add-items?search=579302051,N/A,no,no,no,2,1,1,6,Toywiz,wfs,$6.88,2,$6.88,$6.99,6.88,1.99,-0.16,-2.38 %,-8.22 %,6.95,1.46,1,$5.59,N/A,$5.05,$3.45,0,$0.55,8.00%,$0.01,1,$1.04,$0.30 /lb,$0.04,$0.00,$0.00,$0.00,$0.00,0,$0.00,,0,"The listing has 2 variations,Pulling package information from B098HPPDYK via amazon.com,3 or less sellers","8.62, 3.98, 0.55 in, 0.15 lbs",8.62,3.98,0.55,0.15,N/A,Computer
"05/07/2025, 03:27 AM PDT","05/07/2025, 06:27 AM EDT","05/07/2025, 05:27 AM CDT","05/07/2025, 03:27 AM PDT","3 Musketeers Candy Milk Chocolate Bar, Full Size - 1.92 oz",33282374,40000422082,1.92 oz,3,3 Musketeers,Grocery,Candy Bars & Miniatures,N/A,N/A,93553,https://i5.walmartimages.com/seo/3-Musketeers-Candy-Milk-Chocolate-Bar-Full-Size-1-92-oz_a3f124e4-b64b-43d0-81ec-f8b1a83baa03.4b0302dc1e423942b87007bb94ddee71.jpeg,,N/A,https://www.walmart.com/ip/33282374,1.42,https://www.amazon.com/dp/B00CHTWBK4,https://www.amazon.com/s?k=3%20Musketeers%20Candy%20Milk%20Chocolate%20Bar%2C%20Full%20Size%20-%201.92%20oz,https://www.ebay.com/sch/i.html?_nkw=3%20Musketeers%20Candy%20Milk%20Chocolate%20Bar%2C%20Full%20Size%20-%201.92%20oz,https://www.google.com/search?q=3%20Musketeers%20Candy%20Milk%20Chocolate%20Bar%2C%20Full%20Size%20-%201.92%20oz,https://seller.walmart.com/catalog/add-items?search=33282374,Best seller,no,no,no,3,0,3,28,Bettelo Products LLC,mfn,$6.23,7,$6.23,$8.28,6.23,1.42,-0.18,-2.83 %,-12.43 %,6.35,0.99,1,$673.26,N/A,$4.99,$3.45,0,$0.50,8.00%,$0.00,1,$1.04,$0.30 /lb,$0.04,$0.00,$0.00,$0.00,$0.00,0,$0.00,4.2,624,"The listing has 3 variations,3 or less sellers","1.22, 4.72, 0.87 in, 0.12 lbs",1.22,4.72,0.87,0.12,N/A,Computer
"04/29/2025, 12:37 AM PDT","04/29/2025, 03:37 AM EDT","04/29/2025, 02:37 AM CDT","04/29/2025, 12:37 AM PDT","Chimes Ginger Chew Orange, 1.5 Oz",30156479,51299111304,N/A,N/A,Chimes,Grocery,Chewy Candy,N/A,N/A,145680,https://i5.walmartimages.com/seo/Chimes-Ginger-Chew-Orange-1-5-Oz_ec75878e-3601-4995-bf61-0be3075cd9cc.ebdc5c3f97d93a7173bdea20a856a73d.jpeg,,N/A,https://www.walmart.com/ip/30156479,1.86,https://www.amazon.com/dp/B005FIYH4C,https://www.amazon.com/s?k=Chimes%20Ginger%20Chew%20Orange%2C%201.5%20Oz,https://www.ebay.com/sch/i.html?_nkw=Chimes%20Ginger%20Chew%20Orange%2C%201.5%20Oz,https://www.google.com/search?q=Chimes%20Ginger%20Chew%20Orange%2C%201.5%20Oz,https://seller.walmart.com/catalog/add-items?search=30156479,N/A,no,no,no,3,0,3,107,VitaminLife,mfn,$6.68,23,$6.68,$10.87,6.68,1.86,-0.19,-2.90 %,-10.42 %,6.80,1.33,1,$5.56,N/A,$5.01,$3.45,0,$0.53,8.00%,$0.01,1,$1.02,$0.30 /lb,$0.02,$0.00,$0.00,$0.00,$0.00,0,$0.00,3.2,5,"Pulling package information from B005FIYH4C via amazon.com,3 or less sellers","6.34, 2.95, 0.67 in, 0.08 lbs",6.34,2.95,0.67,0.08,N/A,Computer
"05/03/2025, 03:15 AM PDT","05/03/2025, 06:15 AM EDT","05/03/2025, 05:15 AM CDT","05/03/2025, 03:15 AM PDT",Icee Popping Candy With Lollipops (Pack of 18),119616494,632365122013,N/A,N/A,ICEE,Grocery,Lollipops & Suckers,N/A,N/A,N/A,https://i5.walmartimages.com/seo/Icee-Popping-Candy-With-Lollipops-Pack-of-18_aa745e67-2d17-4ca1-ba14-e59738e827bb.39a42de77c7c355998bf151d4d776e18.jpeg,,N/A,https://www.walmart.com/ip/119616494,13.5,https://www.amazon.com/dp/B00DKAAJI0,https://www.amazon.com/s?k=Icee%20Popping%20Candy%20With%20Lollipops%20(Pack%20of%2018),https://www.ebay.com/sch/i.html?_nkw=Icee%20Popping%20Candy%20With%20Lollipops%20(Pack%20of%2018),https://www.google.com/search?q=Icee%20Popping%20Candy%20With%20Lollipops%20(Pack%20of%2018),https://seller.walmart.com/catalog/add-items?search=119616494,N/A,no,no,no,4,1,3,12,BOOKSANDPENS,mfn,$19.99,1,$19.99,$33.50,19.99,13.5,-0.2,-1.00 %,-1.48 %,20.15,10.64,1,$22.99,N/A,$6.69,$3.45,0,$3.00,15.00%,$0.09,1,$0.15,$0.30 /lb,$0.15,$0.00,$0.00,$0.00,$0.00,0,$0.00,2,1,Pulling package information from B00DKAAJI0 via amazon.com,"7.99, 5.24, 5.00 in, 0.50 lbs",7.99,5.24,5.00,0.50,N/A,Computer
"04/29/2025, 06:43 AM PDT","04/29/2025, 09:43 AM EDT","04/29/2025, 08:43 AM CDT","04/29/2025, 06:43 AM PDT",Naruto Ramen Gummy Kit,2183730707,611508176564,N/A,N/A,Boston America,Grocery,Gummy Candy,N/A,N/A,N/A,https://i5.walmartimages.com/seo/Naruto-Ramen-Gummy-Kit_a7975044-e104-4775-831c-09017843362a.de2cdeb06fc27d52ba6ca82bd6a38559.jpeg,,N/A,https://www.walmart.com/ip/2183730707,2.14,N/A,https://www.amazon.com/s?k=Naruto%20Ramen%20Gummy%20Kit,https://www.ebay.com/sch/i.html?_nkw=Naruto%20Ramen%20Gummy%20Kit,https://www.google.com/search?q=Naruto%20Ramen%20Gummy%20Kit,https://seller.walmart.com/catalog/add-items?search=2183730707,N/A,no,no,no,2,0,2,7,BiG Confections,mfn,$6.99,6,$6.99,$14.38,6.99,2.14,-0.21,-2.99 %,-9.76 %,7.15,1.54,1,NA,N/A,$5.06,$3.45,0,$0.56,8.00%,$0.00,1,$1.04,$0.30 /lb,$0.04,$0.00,$0.00,$0.00,$0.00,0,$0.00,,0,"For better accuracy, we’ve used dimensions from B0BB3H5BF6 to provide more precise estimates,3 or less sellers","2.24, 2.17, 2.17 in, 0.15 lbs",2.24,2.17,2.17,0.15,N/A,Computer
"04/29/2025, 12:40 AM PDT","04/29/2025, 03:40 AM EDT","04/29/2025, 02:40 AM CDT","04/29/2025, 12:40 AM PDT","Chimes Ginger Chews Original Refreshing Ginger, 1.5 Oz",152353999,51299111267,N/A,N/A,Chimes,Grocery,Chewing Gum,N/A,N/A,1192558,https://i5.walmartimages.com/seo/Chimes-Ginger-Chews-Original-Refreshing-Ginger-1-5-Oz_fb631c36-4d7c-4a99-927d-138bd472c57d_1.56426bc72124c15f33c4e3bf1ec99bac.jpeg,,N/A,https://www.walmart.com/ip/152353999,1.86,https://www.amazon.com/dp/B005FIYH9C,https://www.amazon.com/s?k=Chimes%20Ginger%20Chews%20Original%20Refreshing%20Ginger%2C%201.5%20Oz,https://www.ebay.com/sch/i.html?_nkw=Chimes%20Ginger%20Chews%20Original%20Refreshing%20Ginger%2C%201.5%20Oz,https://www.google.com/search?q=Chimes%20Ginger%20Chews%20Original%20Refreshing%20Ginger%2C%201.5%20Oz,https://seller.walmart.com/catalog/add-items?search=152353999,N/A,no,no,no,2,0,2,50,VitaminLife,mfn,$6.68,12,$6.68,$7.48,6.68,1.86,-0.23,-3.43 %,-12.31 %,6.85,1.30,1,$5.32,N/A,$5.05,$3.45,0,$0.53,8.00%,$0.00,1,$1.06,$0.30 /lb,$0.06,$0.00,$0.00,$0.00,$0.00,0,$0.00,4.5,4,3 or less sellers,"3.15, 0.50, 6.69 in, 0.20 lbs",3.15,0.50,6.69,0.20,N/A,Computer
"04/29/2025, 03:00 AM PDT","04/29/2025, 06:00 AM EDT","04/29/2025, 05:00 AM CDT","04/29/2025, 03:00 AM PDT","Chimes Toasted Coconut Hard Toffee With Sea Salt, 3.5 Oz",121107270,51299111663,N/A,N/A,Chimes,Grocery,Toffee Candy,N/A,N/A,CMS11166,https://i5.walmartimages.com/seo/Chimes-Toasted-Coconut-Hard-Toffee-With-Sea-Salt-3-5-Oz_0683bdcb-1f3e-4b24-beb4-42e28779733d_1.6ac6f5e1a31ce1957a91d2f88e887df5.jpeg,,N/A,https://www.walmart.com/ip/121107270,2.47,https://www.amazon.com/dp/B01520BTO8,https://www.amazon.com/s?k=Chimes%20Toasted%20Coconut%20Hard%20Toffee%20With%20Sea%20Salt%2C%203.5%20Oz,https://www.ebay.com/sch/i.html?_nkw=Chimes%20Toasted%20Coconut%20Hard%20Toffee%20With%20Sea%20Salt%2C%203.5%20Oz,https://www.google.com/search?q=Chimes%20Toasted%20Coconut%20Hard%20Toffee%20With%20Sea%20Salt%2C%203.5%20Oz,https://seller.walmart.com/catalog/add-items?search=121107270,N/A,no,no,no,7,3,4,604,OTCRx4U,wfs,$7.38,11,$7.38,$8.05,7.38,2.47,-0.23,-3.15 %,-9.42 %,7.55,1.79,1,$5.40,50+ units sold this month on Amazon,$5.14,$3.45,0,$0.59,8.00%,$0.03,1,$1.07,$0.30 /lb,$0.07,$0.00,$0.00,$0.00,$0.00,0,$0.00,3,2,Pulling package information from B01520BTO8 via amazon.com,"7.28, 5.08, 1.89 in, 0.24 lbs",7.28,5.08,1.89,0.24,N/A,Computer
"05/06/2025, 12:39 AM PDT","05/06/2025, 03:39 AM EDT","05/06/2025, 02:39 AM CDT","05/06/2025, 12:39 AM PDT",Candy Tin Ouija Mystifying Mints 1.5 oz,2401839563,0,N/A,N/A,Candy Tin,Grocery,Mint Candy,N/A,N/A,N/A,https://i5.walmartimages.com/seo/Candy-Tin-Ouija-Mystifying-Mints-1-5-oz_fa560707-feb4-4084-bfaa-eec9cd52f263.22b94bd2fdd89d3c1af1b21e6e1113c6.jpeg,,N/A,https://www.walmart.com/ip/2401839563,2.15,https://www.amazon.com/dp/undefined,https://www.amazon.com/s?k=Candy%20Tin%20Ouija%20Mystifying%20Mints%201.5%20oz,https://www.ebay.com/sch/i.html?_nkw=Candy%20Tin%20Ouija%20Mystifying%20Mints%201.5%20oz,https://www.google.com/search?q=Candy%20Tin%20Ouija%20Mystifying%20Mints%201.5%20oz,https://seller.walmart.com/catalog/add-items?search=2401839563,N/A,no,no,no,1,0,1,50,BiG Confections,mfn,$6.99,50,$6.99,$6.99,6.99,2.15,-0.23,-3.24 %,-10.54 %,7.15,1.54,1,,N/A,$5.07,$3.45,0,$0.56,8.00%,$0.00,1,$1.05,$0.30 /lb,$0.05,$0.00,$0.00,$0.00,$0.00,0,$0.00,,0,"For better accuracy, we’ve used dimensions from B005VG89QU to provide more precise estimates,3 or less sellers","3.78, 2.44, 0.87 in, 0.18 lbs",3.78,2.44,0.87,0.18,N/A,Computer
"04/30/2025, 12:46 AM PDT","04/30/2025, 03:46 AM EDT","04/30/2025, 02:46 AM CDT","04/30/2025, 12:46 AM PDT",Raindrops Gummy Mini Candy Sushi,55550493,630855114104,Multi,1,Raindrops,Grocery,Gummy Candy,N/A,N/A,11310,https://i5.walmartimages.com/seo/Raindrops-Gummy-Mini-Candy-Sushi_04c25a73-a53c-4e40-a0ff-4d75b341fd46.eb521310b27de8b7d5ba8561877d26e0.jpeg,,N/A,https://www.walmart.com/ip/55550493,3.37,https://www.amazon.com/dp/B01N5SR50J,https://www.amazon.com/s?k=Raindrops%20Gummy%20Mini%20Candy%20Sushi,https://www.ebay.com/sch/i.html?_nkw=Raindrops%20Gummy%20Mini%20Candy%20Sushi,https://www.google.com/search?q=Raindrops%20Gummy%20Mini%20Candy%20Sushi,https://seller.walmart.com/catalog/add-items?search=55550493,N/A,yes,no,no,3,2,1,24,SARONITE,wfs,$9.13,2,$8.34,$9.95,8.34,3.37,-0.25,-2.95 %,-7.30 %,8.50,2.50,1,$9.98,300+ units sold this month on Amazon,$5.22,$3.45,0,$0.67,8.00%,$0.02,1,$1.08,$0.30 /lb,$0.08,$0.00,$0.00,$0.00,$0.00,0,$0.00,3.4,5,"Pulling package information from B01N5SR50J via amazon.com,3 or less sellers","6.22, 5.79, 1.34 in, 0.26 lbs",6.22,5.79,1.34,0.26,N/A,Computer
"05/03/2025, 03:10 AM PDT","05/03/2025, 06:10 AM EDT","05/03/2025, 05:10 AM CDT","05/03/2025, 03:10 AM PDT",Icee Chews Gummy Candy Cup 12 Count,3387805836,632365626894,N/A,N/A,Koko's,Grocery,Gummy Candy,N/A,N/A,N/A,https://i5.walmartimages.com/seo/Icee-Chews-Gummy-Candy-Cup-12-Count_2ed18212-9558-4239-9b50-b3a632ecc75f.fc6e1583ad90ec0082d0fd348aa734e8.jpeg,,N/A,https://www.walmart.com/ip/3387805836,14.64,N/A,https://www.amazon.com/s?k=Icee%20Chews%20Gummy%20Candy%20Cup%2012%20Count,https://www.ebay.com/sch/i.html?_nkw=Icee%20Chews%20Gummy%20Candy%20Cup%2012%20Count,https://www.google.com/search?q=Icee%20Chews%20Gummy%20Candy%20Cup%2012%20Count,https://seller.walmart.com/catalog/add-items?search=3387805836,N/A,no,no,no,1,0,1,7,BiG Confections,mfn,$23.99,7,$23.99,$23.99,23.99,14.64,-0.39,-1.64 %,-2.69 %,24.35,11.40,1,NA,N/A,$9.74,$5.45,0,$3.60,15.00%,$0.10,1,$0.60,$0.30 /lb,$0.60,$0.00,$0.00,$0.00,$0.00,0,$0.00,,0,"For better accuracy, we’ve used dimensions from B07WW29LK2 to provide more precise estimates,3 or less sellers","10.98, 5.51, 3.62 in, 2.00 lbs",10.98,5.51,3.62,2.00,N/A,Computer
"04/29/2025, 06:32 AM PDT","04/29/2025, 09:32 AM EDT","04/29/2025, 08:32 AM CDT","04/29/2025, 06:32 AM PDT","Kasugai Assorted Fruit Gummy Candy, 102 Piece",107238573,0,N/A,N/A,Kasugai,Grocery,Gummy Candy,N/A,N/A,00J0G6HQA4H8OPA,https://i5.walmartimages.com/seo/Kasugai-Assorted-Fruit-Gummy-Candy-102-Piece_d1b20fb6-cb44-4370-a98d-ef04123accda.edb38e0f5cef1285bde8567192d027be.jpeg,,N/A,https://www.walmart.com/ip/107238573,2.8,https://www.amazon.com/dp/undefined,https://www.amazon.com/s?k=Kasugai%20Assorted%20Fruit%20Gummy%20Candy%2C%20102%20Piece,https://www.ebay.com/sch/i.html?_nkw=Kasugai%20Assorted%20Fruit%20Gummy%20Candy%2C%20102%20Piece,https://www.google.com/search?q=Kasugai%20Assorted%20Fruit%20Gummy%20Candy%2C%20102%20Piece,https://seller.walmart.com/catalog/add-items?search=107238573,N/A,no,no,no,1,0,1,57,Babodim,mfn,$7.55,57,$7.55,$7.55,7.55,2.8,-0.4,-5.34 %,-14.40 %,7.90,1.92,1,,N/A,$5.15,$3.45,0,$0.60,8.00%,$0.03,1,$1.07,$0.30 /lb,$0.07,$0.00,$0.00,$0.00,$0.00,0,$0.00,,0,"For better accuracy, we’ve used dimensions from B00FYK4K3O to provide more precise estimates,3 or less sellers","8.23, 5.51, 1.69 in, 0.22 lbs",8.23,5.51,1.69,0.22,N/A,Computer
"04/29/2025, 06:33 AM PDT","04/29/2025, 09:33 AM EDT","04/29/2025, 08:33 AM CDT","04/29/2025, 06:33 AM PDT","Kasugai Gummy, Strawberry, 4.8 Oz",12018920,0,N/A,N/A,Kasugai,Grocery,Gummy Candy,N/A,N/A,81532,https://i5.walmartimages.com/seo/Kasugai-Gummy-Strawberry-4-8-Oz_a18aaa91-3410-4f24-9674-d727e122bb6a_1.e5c841bd4810bc800fc0bfe757c50d51.jpeg,,N/A,https://www.walmart.com/ip/12018920,2.8,https://www.amazon.com/dp/undefined,https://www.amazon.com/s?k=Kasugai%20Gummy%2C%20Strawberry%2C%204.8%20Oz,https://www.ebay.com/sch/i.html?_nkw=Kasugai%20Gummy%2C%20Strawberry%2C%204.8%20Oz,https://www.google.com/search?q=Kasugai%20Gummy%2C%20Strawberry%2C%204.8%20Oz,https://seller.walmart.com/catalog/add-items?search=12018920,N/A,yes,no,no,1,0,1,57,Babodim,mfn,$7.55,57,$7.55,$7.55,7.55,2.8,-0.4,-5.29 %,-14.27 %,7.90,1.92,1,,N/A,$5.15,$3.45,0,$0.60,8.00%,$0.02,1,$1.07,$0.30 /lb,$0.07,$0.00,$0.00,$0.00,$0.00,0,$0.00,,0,"For better accuracy, we’ve used dimensions from B005T75JXC to provide more precise estimates,3 or less sellers","8.23, 5.59, 1.18 in, 0.24 lbs",8.23,5.59,1.18,0.24,N/A,Computer
"05/03/2025, 03:41 AM PDT","05/03/2025, 06:41 AM EDT","05/03/2025, 05:41 AM CDT","05/03/2025, 03:41 AM PDT","Harry Potter™ Bertie Bott's Every Flavour Beans, 1.2 oz, Flip Top Box",215766570,71570010140,N/A,N/A,Jelly Belly,Grocery,Jelly Beans,N/A,N/A,N/A,https://i5.walmartimages.com/seo/Harry-Potter-Bertie-Bott-s-Every-Flavour-Beans-1-2-oz-Flip-Top-Box_d7bf1421-cdc6-4b47-8767-a040a8f4572a.a290ee7659a2020da678e50ca4cd3a05.jpeg,,N/A,https://www.walmart.com/ip/215766570,1.32,N/A,https://www.amazon.com/s?k=Harry%20Potter%E2%84%A2%20Bertie%20Bott's%20Every%20Flavour%20Beans%2C%201.2%20oz%2C%20Flip%20Top%20Box,https://www.ebay.com/sch/i.html?_nkw=Harry%20Potter%E2%84%A2%20Bertie%20Bott's%20Every%20Flavour%20Beans%2C%201.2%20oz%2C%20Flip%20Top%20Box,https://www.google.com/search?q=Harry%20Potter%E2%84%A2%20Bertie%20Bott's%20Every%20Flavour%20Beans%2C%201.2%20oz%2C%20Flip%20Top%20Box,https://seller.walmart.com/catalog/add-items?search=215766570,Popular pick,no,no,no,2,1,1,10177,Star Sales,wfs,$5.99,178,$5.99,$7.95,5.99,1.32,-0.4,-6.64 %,-30.14 %,6.35,0.74,1,NA,N/A,$5.07,$3.45,0,$0.48,8.00%,$0.01,1,$1.13,$0.30 /lb,$0.13,$0.00,$0.00,$0.00,$0.00,0,$0.00,4.1,73,"For better accuracy, we’ve used dimensions from B005DSW4H6 to provide more precise estimates,3 or less sellers","5.08, 2.44, 2.36 in, 0.42 lbs",5.08,2.44,2.36,0.42,N/A,Computer
"04/29/2025, 04:18 AM PDT","04/29/2025, 07:18 AM EDT","04/29/2025, 06:18 AM CDT","04/29/2025, 04:18 AM PDT",Hi-chew Kiwi with Chia Seeds Chewy Fruit Candies 1.76 oz. bar By Morinaga (5-pack),897108446,873983004736,N/A,N/A,HI-CHEW,Grocery,Chewy Candy,N/A,N/A,N/A,https://i5.walmartimages.com/seo/Hi-chew-Kiwi-with-Chia-Seeds-Chewy-Fruit-Candies-1-76-oz-bar-By-Morinaga-5-pack_787596b8-1af4-495b-aafd-7523f4576a8e_1.cee924593d6023c9c178b95eec494860.jpeg,,N/A,https://www.walmart.com/ip/897108446,5.65,N/A,https://www.amazon.com/s?k=Hi-chew%20Kiwi%20with%20Chia%20Seeds%20Chewy%20Fruit%20Candies%201.76%20oz.%20bar%20By%20Morinaga%20(5-pack),https://www.ebay.com/sch/i.html?_nkw=Hi-chew%20Kiwi%20with%20Chia%20Seeds%20Chewy%20Fruit%20Candies%201.76%20oz.%20bar%20By%20Morinaga%20(5-pack),https://www.google.com/search?q=Hi-chew%20Kiwi%20with%20Chia%20Seeds%20Chewy%20Fruit%20Candies%201.76%20oz.%20bar%20By%20Morinaga%20(5-pack),https://seller.walmart.com/catalog/add-items?search=897108446,N/A,no,no,no,3,0,3,191,SHOP & SAVE,mfn,$12.50,5,$12.50,$20.78,12.5,5.65,-0.42,-3.37 %,-7.45 %,12.85,4.18,1,NA,N/A,$7.27,$5.45,0,$1.00,8.00%,$0.06,1,$0.76,$0.30 /lb,$0.76,$0.00,$0.00,$0.00,$0.00,0,$0.00,,0,"For better accuracy, we’ve used dimensions from B001AYB04A to provide more precise estimates,3 or less sellers","7.01, 5.79, 3.19 in, 2.55 lbs",7.01,5.79,3.19,2.55,N/A,Computer
"04/29/2025, 04:35 AM PDT","04/29/2025, 07:35 AM EDT","04/29/2025, 06:35 AM CDT","04/29/2025, 04:35 AM PDT",HI-CHEW Bag Soda Pop 2.82oz,978714561,851681008690,1,5,HI-CHEW,Grocery,Chewy Candy,N/A,N/A,N/A,https://i5.walmartimages.com/seo/HI-CHEW-Bag-Soda-Pop-2-82oz_dd30805d-5b1b-477a-86b6-fa85d13c628f.dcc6b8688cdf1af6fa7f17048154b3a2.jpeg,,N/A,https://www.walmart.com/ip/978714561,2.79,https://www.amazon.com/dp/B084H34ZKB,https://www.amazon.com/s?k=HI-CHEW%20Bag%20Soda%20Pop%202.82oz,https://www.ebay.com/sch/i.html?_nkw=HI-CHEW%20Bag%20Soda%20Pop%202.82oz,https://www.google.com/search?q=HI-CHEW%20Bag%20Soda%20Pop%202.82oz,https://seller.walmart.com/catalog/add-items?search=978714561,N/A,no,no,no,3,1,2,72,Snackathon Foods,wfs,$7.49,15,$7.48,$10.54,7.49,2.79,-0.44,-5.84 %,-15.69 %,7.90,1.88,1,$5.77,300+ units sold this month on Amazon,$5.14,$3.45,0,$0.60,8.00%,$0.03,1,$1.06,$0.30 /lb,$0.06,$0.00,$0.00,$0.00,$0.00,0,$0.00,3.3,16,"The listing has 5 variations,Pulling package information from B084H34ZKB via amazon.com,3 or less sellers","6.69, 5.31, 1.85 in, 0.20 lbs",6.69,5.31,1.85,0.20,N/A,Computer
"05/05/2025, 04:01 AM PDT","05/05/2025, 07:01 AM EDT","05/05/2025, 06:01 AM CDT","05/05/2025, 04:01 AM PDT",Jelly Belly Sours Jelly Beans 1 oz. Bags (30 Count Case),919996425,71570725723,N/A,N/A,Jelly Belly,Grocery,Jelly Beans,N/A,N/A,N/A,https://i5.walmartimages.com/seo/Jelly-Belly-Sours-Jelly-Beans-1-oz-Bags-30-Count-Case_7dea823a-c1be-4531-9b4d-178ea8bb5a62.20b0d63caf02911aa058a4ae89eb46e1.jpeg,,N/A,https://www.walmart.com/ip/919996425,28.2,https://www.amazon.com/dp/B079TGHH7R,https://www.amazon.com/s?k=Jelly%20Belly%20Sours%20Jelly%20Beans%201%20oz.%20Bags%20(30%20Count%20Case),https://www.ebay.com/sch/i.html?_nkw=Jelly%20Belly%20Sours%20Jelly%20Beans%201%20oz.%20Bags%20(30%20Count%20Case),https://www.google.com/search?q=Jelly%20Belly%20Sours%20Jelly%20Beans%201%20oz.%20Bags%20(30%20Count%20Case),https://seller.walmart.com/catalog/add-items?search=919996425,N/A,no,no,no,0,0,0,0,N/A,N/A,0,,,Price,39.99,28.2,-0.44,-1.09 %,-1.55 %,40.40,22.21,1,OOS,N/A,$12.23,$5.45,0,$6.00,15.00%,$0.09,1,$0.69,$0.30 /lb,$0.69,$0.00,$0.00,$0.00,$0.00,0,$0.00,5,6,"Pulling package information from B079TGHH7R via amazon.com,3 or less sellers","10.59, 6.06, 3.07 in, 2.31 lbs",10.59,6.06,3.07,2.31,N/A,Computer
"04/29/2025, 03:22 AM PDT","04/29/2025, 06:22 AM EDT","04/29/2025, 05:22 AM CDT","04/29/2025, 03:22 AM PDT",DRAGON BALL Z FLYING NIMBUS ENERGY DRINK 12 oz,2599637721,611508176489,N/A,N/A,Boston America,Grocery,Energy Drinks,N/A,N/A,N/A,https://i5.walmartimages.com/seo/DRAGON-BALL-Z-FLYING-NIMBUS-ENERGY-DRINK-12-oz_68c31b7d-c341-4c03-9dcb-8ddcf0c0f55f.f52b829fb4da1cdf637d2c39a098d17d.jpeg,,N/A,https://www.walmart.com/ip/2599637721,1.57,N/A,https://www.amazon.com/s?k=DRAGON%20BALL%20Z%20FLYING%20NIMBUS%20ENERGY%20DRINK%2012%20oz,https://www.ebay.com/sch/i.html?_nkw=DRAGON%20BALL%20Z%20FLYING%20NIMBUS%20ENERGY%20DRINK%2012%20oz,https://www.google.com/search?q=DRAGON%20BALL%20Z%20FLYING%20NIMBUS%20ENERGY%20DRINK%2012%20oz,https://seller.walmart.com/catalog/add-items?search=2599637721,N/A,no,no,no,3,0,3,7,Conworlds Emporium,mfn,$7.95,5,$7.95,$9.99,7.95,1.57,-0.49,-6.19 %,-31.36 %,8.40,0.86,1,NA,N/A,$6.87,$4.95,0,$0.64,8.00%,$0.04,1,$1.25,$0.30 /lb,$0.25,$0.00,$0.00,$0.00,$0.00,0,$0.00,,0,"For better accuracy, we’ve used dimensions from B07ZTMYWRS to provide more precise estimates,3 or less sellers","8.03, 3.82, 3.03 in, 0.82 lbs",8.03,3.82,3.03,0.82,N/A,Computer
"04/29/2025, 12:35 AM PDT","04/29/2025, 03:35 AM EDT","04/29/2025, 02:35 AM CDT","04/29/2025, 12:35 AM PDT",Chimes Ginger Chews Meyer Lemon Ginger Chew,887045039,51299111243,N/A,N/A,Chimes,Grocery,Chewy Candy,N/A,N/A,N/A,https://i5.walmartimages.com/seo/Chimes-Ginger-Chews-Meyer-Lemon-Ginger-Chew_1a420d99-1170-4bbf-9287-0749517807bd.1de7e824555c5393685fcd9d6d2ee9f7.jpeg,,N/A,https://www.walmart.com/ip/887045039,1.86,https://www.amazon.com/dp/B07TY2PQPR,https://www.amazon.com/s?k=Chimes%20Ginger%20Chews%20Meyer%20Lemon%20Ginger%20Chew,https://www.ebay.com/sch/i.html?_nkw=Chimes%20Ginger%20Chews%20Meyer%20Lemon%20Ginger%20Chew,https://www.google.com/search?q=Chimes%20Ginger%20Chews%20Meyer%20Lemon%20Ginger%20Chew,https://seller.walmart.com/catalog/add-items?search=887045039,N/A,no,no,no,1,0,1,16,VitaminLife,mfn,$6.31,16,$6.31,$6.31,6.31,1.86,-0.54,-8.61 %,-29.20 %,6.80,1.05,1,$6.09,N/A,$4.99,$3.45,0,$0.50,8.00%,$0.01,1,$1.03,$0.30 /lb,$0.03,$0.00,$0.00,$0.00,$0.00,0,$0.00,1,1,"Pulling package information from B07TY2PQPR via amazon.com,3 or less sellers","6.42, 2.87, 0.67 in, 0.11 lbs",6.42,2.87,0.67,0.11,N/A,Computer
"05/06/2025, 12:15 AM PDT","05/06/2025, 03:15 AM EDT","05/06/2025, 02:15 AM CDT","05/06/2025, 12:15 AM PDT",My Little Pony Novelties Rainbow Dash Friendship Hearts Candy Tin,48424039,640213887717,N/A,N/A,Boston America,Home & Garden,Food Storage Jars & Containers,N/A,N/A,N/A,https://i5.walmartimages.com/seo/My-Little-Pony-Novelties-Rainbow-Dash-Friendship-Hearts-Candy-Tin_bd9c8063-b070-454e-9f71-91beb082b36e.b3845319601af2e677c8254c9d23f90a.jpeg,,N/A,https://www.walmart.com/ip/48424039,2.05,N/A,https://www.amazon.com/s?k=My%20Little%20Pony%20Novelties%20Rainbow%20Dash%20Friendship%20Hearts%20Candy%20Tin,https://www.ebay.com/sch/i.html?_nkw=My%20Little%20Pony%20Novelties%20Rainbow%20Dash%20Friendship%20Hearts%20Candy%20Tin,https://www.google.com/search?q=My%20Little%20Pony%20Novelties%20Rainbow%20Dash%20Friendship%20Hearts%20Candy%20Tin,https://seller.walmart.com/catalog/add-items?search=48424039,N/A,no,no,no,1,0,1,7,BiG Confections,mfn,$6.99,7,$6.99,$6.99,6.99,2.05,-0.62,-8.83 %,-30.11 %,7.60,1.15,1,NA,N/A,$5.56,$3.45,0,$1.05,15.00%,$0.02,1,$1.04,$0.30 /lb,$0.04,$0.00,$0.00,$0.00,$0.00,0,$0.00,,0,"For better accuracy, we’ve used dimensions from B012CC8IKM to provide more precise estimates,3 or less sellers","5.87, 4.92, 1.57 in, 0.13 lbs",5.87,4.92,1.57,0.13,N/A,Computer
"05/07/2025, 04:54 AM PDT","05/07/2025, 07:54 AM EDT","05/07/2025, 06:54 AM CDT","05/07/2025, 04:54 AM PDT",Dice Pops - 24 Gourmet Lollipops,2107630175,798051240123,N/A,N/A,Dice Pops,Grocery,Lollipops & Suckers,N/A,N/A,N/A,https://i5.walmartimages.com/seo/Dice-Pops-24-Gourmet-Lollipops_4b9c7875-fe73-4e61-8e06-9b7741f1a3c9.d29ac374c05955769016f906404f6d23.png,,N/A,https://www.walmart.com/ip/2107630175,22.51,https://www.amazon.com/dp/B0C6W4S3FC,https://www.amazon.com/s?k=Dice%20Pops%20-%2024%20Gourmet%20Lollipops,https://www.ebay.com/sch/i.html?_nkw=Dice%20Pops%20-%2024%20Gourmet%20Lollipops,https://www.google.com/search?q=Dice%20Pops%20-%2024%20Gourmet%20Lollipops,https://seller.walmart.com/catalog/add-items?search=2107630175,N/A,no,no,no,1,0,1,76,KLM Products Group,mfn,$32.99,76,$32.99,$32.99,32.99,22.51,-0.69,-2.09 %,-3.06 %,33.70,17.46,1,$32.99,N/A,$11.17,$5.45,0,$4.95,15.00%,$0.08,1,$0.69,$0.30 /lb,$0.69,$0.00,$0.00,$0.00,$0.00,0,$0.00,,0,"Pulling package information from B0C6W4S3FC via amazon.com,3 or less sellers","7.80, 5.16, 4.72 in, 2.29 lbs",7.80,5.16,4.72,2.29,N/A,Computer
"05/01/2025, 03:44 AM PDT","05/01/2025, 06:44 AM EDT","05/01/2025, 05:44 AM CDT","05/01/2025, 03:44 AM PDT","AfterShocks Blue Raspberry / Watermelon Popping Candy, 20-.053 Ounce Pouches, 1.06 Ounce Pack",3711500147,48014010684,N/A,N/A,AfterShocks,Grocery,Fruit Flavored Candy,N/A,N/A,N/A,https://i5.walmartimages.com/asr/57c4a2ce-1f04-470f-b76f-e1f4c4c9b655.5c9b4d2661e70ee4765e17ddd21c454c.jpeg,,N/A,https://www.walmart.com/ip/3711500147,2.58,https://www.amazon.com/dp/B0BYWJXY76,https://www.amazon.com/s?k=AfterShocks%20Blue%20Raspberry%20%2F%20Watermelon%20Popping%20Candy%2C%2020-.053%20Ounce%20Pouches%2C%201.06%20Ounce%20Pack,https://www.ebay.com/sch/i.html?_nkw=AfterShocks%20Blue%20Raspberry%20%2F%20Watermelon%20Popping%20Candy%2C%2020-.053%20Ounce%20Pouches%2C%201.06%20Ounce%20Pack,https://www.google.com/search?q=AfterShocks%20Blue%20Raspberry%20%2F%20Watermelon%20Popping%20Candy%2C%2020-.053%20Ounce%20Pouches%2C%201.06%20Ounce%20Pack,https://seller.walmart.com/catalog/add-items?search=3711500147,N/A,no,yes,no,0,0,0,0,N/A,N/A,0,,,Price,6.99,2.58,-0.75,-10.72 %,-29.04 %,7.70,1.46,1,$4.59,N/A,$5.16,$3.45,0,$0.56,8.00%,$0.00,1,$1.15,$0.30 /lb,$0.15,$0.00,$0.00,$0.00,$0.00,0,$0.00,,0,"Pulling package information from B0BYWJXY76 via amazon.com,3 or less sellers","0.51, 0.51, 0.51 in, 0.50 lbs",0.51,0.51,0.51,0.50,N/A,Computer
"04/30/2025, 12:32 AM PDT","04/30/2025, 03:32 AM EDT","04/30/2025, 02:32 AM CDT","04/30/2025, 12:32 AM PDT",Uha Mikakuto Puchao Soft Chewy Uji Matcha Flavor Candy 3.17oz/ 90g,153566009,11152482668,N/A,N/A,UHA,Grocery,Chewy Candy,N/A,N/A,N/A,https://i5.walmartimages.com/seo/Uha-Mikakuto-Puchao-Soft-Chewy-Uji-Matcha-Flavor-Candy-3-17oz-90g_6093ab00-2d3e-472a-9c1a-420240ccfaee.f01204a4fa0803f700eb886f6b857e3c.jpeg,,N/A,https://www.walmart.com/ip/153566009,2.83,https://www.amazon.com/dp/B07JL9SHLT,https://www.amazon.com/s?k=Uha%20Mikakuto%20Puchao%20Soft%20Chewy%20Uji%20Matcha%20Flavor%20Candy%203.17oz%2F%2090g,https://www.ebay.com/sch/i.html?_nkw=Uha%20Mikakuto%20Puchao%20Soft%20Chewy%20Uji%20Matcha%20Flavor%20Candy%203.17oz%2F%2090g,https://www.google.com/search?q=Uha%20Mikakuto%20Puchao%20Soft%20Chewy%20Uji%20Matcha%20Flavor%20Candy%203.17oz%2F%2090g,https://seller.walmart.com/catalog/add-items?search=153566009,N/A,no,no,no,1,0,1,10,PSYDUCKONLINE,mfn,$7.19,10,$7.19,$7.19,7.19,2.83,-0.77,-10.65 %,-27.06 %,7.95,1.65,1,$5.99,N/A,$5.13,$3.45,0,$0.58,8.00%,$0.03,1,$1.07,$0.30 /lb,$0.07,$0.00,$0.00,$0.00,$0.00,0,$0.00,,0,"Pulling package information from B07JL9SHLT via amazon.com,3 or less sellers","8.03, 5.87, 1.69 in, 0.22 lbs",8.03,5.87,1.69,0.22,N/A,Computer
"05/01/2025, 11:50 PM PDT","05/02/2025, 02:50 AM EDT","05/02/2025, 01:50 AM CDT","05/01/2025, 11:50 PM PDT","Boston America Happy Little Tree Mint Candies, 1.5 oz Tin",641749557,611508174959,1,1,Boston America,Grocery,Mint Candy,N/A,N/A,17495,https://i5.walmartimages.com/seo/Boston-America-Happy-Little-Tree-Mint-Candies-1-5-oz-Tin_c2e6e65d-6508-4f3b-b2fe-8202a5812cd9.c915ab56c12ed9e0d34d2d84ec2576bc.jpeg,,N/A,https://www.walmart.com/ip/641749557,2.05,https://www.amazon.com/dp/B07C8NTWHD,https://www.amazon.com/s?k=Boston%20America%20Happy%20Little%20Tree%20Mint%20Candies%2C%201.5%20oz%20Tin,https://www.ebay.com/sch/i.html?_nkw=Boston%20America%20Happy%20Little%20Tree%20Mint%20Candies%2C%201.5%20oz%20Tin,https://www.google.com/search?q=Boston%20America%20Happy%20Little%20Tree%20Mint%20Candies%2C%201.5%20oz%20Tin,https://seller.walmart.com/catalog/add-items?search=641749557,N/A,no,no,no,2,0,2,21,Fasig Enterprises LLC,mfn,$6.20,10,$6.20,$6.99,6.2,2.05,-0.86,-13.88 %,-41.98 %,7.05,0.95,1,$5.45,100+ units sold this month on Amazon,$5.01,$3.45,0,$0.50,8.00%,$0.01,1,$1.05,$0.30 /lb,$0.05,$0.00,$0.00,$0.00,$0.00,0,$0.00,2.5,2,"Pulling package information from B07C8NTWHD via amazon.com,3 or less sellers","11.97, 2.36, 0.87 in, 0.18 lbs",11.97,2.36,0.87,0.18,N/A,Computer
"04/29/2025, 04:33 AM PDT","04/29/2025, 07:33 AM EDT","04/29/2025, 06:33 AM CDT","04/29/2025, 04:33 AM PDT","HI-CHEW Bag Original Mix 3.53oz (Assorted Mix of Strawberry, Grape, and Green Apple)",45612380,873983005030,Single,2,HI-CHEW,Grocery,Chewy Candy,N/A,N/A,633659,https://i5.walmartimages.com/seo/HI-CHEW-Bag-Original-Mix-3-53oz-Assorted-Mix-of-Strawberry-Grape-and-Green-Apple_cb06a880-cd60-41c0-8c09-e9e126103e73_1.9c62c2a77a55aaa5620d7c5e1b2c84e3.jpeg,,N/A,https://www.walmart.com/ip/45612380,2.79,https://www.amazon.com/dp/B00B2JGA66,https://www.amazon.com/s?k=HI-CHEW%20Bag%20Original%20Mix%203.53oz%20(Assorted%20Mix%20of%20Strawberry%2C%20Grape%2C%20and%20Green%20Apple),https://www.ebay.com/sch/i.html?_nkw=HI-CHEW%20Bag%20Original%20Mix%203.53oz%20(Assorted%20Mix%20of%20Strawberry%2C%20Grape%2C%20and%20Green%20Apple),https://www.google.com/search?q=HI-CHEW%20Bag%20Original%20Mix%203.53oz%20(Assorted%20Mix%20of%20Strawberry%2C%20Grape%2C%20and%20Green%20Apple),https://seller.walmart.com/catalog/add-items?search=45612380,N/A,no,no,no,5,0,5,1047,Snackathon Foods,mfn,$7.00,124,$7.00,$23.45,7,2.79,-0.88,-12.63 %,-31.70 %,7.90,1.52,1,OOS,N/A,$5.09,$3.45,0,$0.56,8.00%,$0.02,1,$1.07,$0.30 /lb,$0.07,$0.00,$0.00,$0.00,$0.00,0,$0.00,4.7,15,"The listing has 2 variations,Pulling package information from B00B2JGA66 via amazon.com","5.79, 4.88, 1.50 in, 0.22 lbs",5.79,4.88,1.50,0.22,N/A,Computer
"04/29/2025, 03:42 AM PDT","04/29/2025, 06:42 AM EDT","04/29/2025, 05:42 AM CDT","04/29/2025, 03:42 AM PDT","Bourbon Chocolate Cookies Every Burger, 2.32 Oz, 10 Pack",276956452,855880007010,Single,2,Bourbon,Grocery,Cookies,N/A,N/A,314605,https://i5.walmartimages.com/seo/Bourbon-Chocolate-Cookies-Every-Burger-2-32-Oz-10-Pack_eb7dd07f-45c0-4544-97d5-afff557a0ca9.1d50e3a21e16bee1ae893e602c4a6314.jpeg,,N/A,https://www.walmart.com/ip/276956452,1.8,https://www.amazon.com/dp/B07PPXF3Z9,https://www.amazon.com/s?k=Bourbon%20Chocolate%20Cookies%20Every%20Burger%2C%202.32%20Oz%2C%2010%20Pack,https://www.ebay.com/sch/i.html?_nkw=Bourbon%20Chocolate%20Cookies%20Every%20Burger%2C%202.32%20Oz%2C%2010%20Pack,https://www.google.com/search?q=Bourbon%20Chocolate%20Cookies%20Every%20Burger%2C%202.32%20Oz%2C%2010%20Pack,https://seller.walmart.com/catalog/add-items?search=276956452,N/A,no,no,yes,3,0,2,25,Walmart.com,wmt,$5.83,19,$5.83,$19.19,5.83,1.8,-0.96,-16.43 %,-53.20 %,6.80,0.67,1,OOS,N/A,$4.99,$3.45,0,$0.47,8.00%,$0.01,1,$1.06,$0.30 /lb,$0.06,$0.00,$0.00,$0.00,$0.00,0,$0.00,2.3,4,"The listing has 2 variations,Walmart.com is on the listing,Pulling package information from B07PPXF3Z9 via amazon.com,3 or less sellers","5.24, 4.33, 1.14 in, 0.20 lbs",5.24,4.33,1.14,0.20,N/A,Computer
"05/07/2025, 03:43 AM PDT","05/07/2025, 06:43 AM EDT","05/07/2025, 05:43 AM CDT","05/07/2025, 03:43 AM PDT","Airheads Candy Individually Wrapped Bars, Blue Raspberry, 36 Count",107713915,73390001131,N/A,N/A,AirHeads,Grocery,Candy Bars & Miniatures,N/A,N/A,00AVGU5AQJ064C0,https://i5.walmartimages.com/seo/Airheads-Candy-Individually-Wrapped-Bars-Blue-Raspberry-36-Count_3786fb27-31fb-480a-af48-27f00b9ce729_1.16d31b8d3a1cdf3f8a67ea05d4e41e37.jpeg,,N/A,https://www.walmart.com/ip/107713915,9.36,https://www.amazon.com/dp/B07B7PWCX4,https://www.amazon.com/s?k=Airheads%20Candy%20Individually%20Wrapped%20Bars%2C%20Blue%20Raspberry%2C%2036%20Count,https://www.ebay.com/sch/i.html?_nkw=Airheads%20Candy%20Individually%20Wrapped%20Bars%2C%20Blue%20Raspberry%2C%2036%20Count,https://www.google.com/search?q=Airheads%20Candy%20Individually%20Wrapped%20Bars%2C%20Blue%20Raspberry%2C%2036%20Count,https://seller.walmart.com/catalog/add-items?search=107713915,N/A,no,yes,no,8,0,8,84,SupremeGoods,mfn,$14.99,4,$14.99,$23.98,14.99,9.36,-0.97,-6.47 %,-10.36 %,17.25,6.71,1,$36.29,N/A,$6.60,$4.95,0,$1.20,8.00%,$0.04,1,$0.41,$0.30 /lb,$0.41,$0.00,$0.00,$0.00,$0.00,0,$0.00,4.9,12,Pulling package information from B07B7PWCX4 via amazon.com,"7.87, 6.38, 1.81 in, 1.37 lbs",7.87,6.38,1.81,1.37,N/A,Computer
"05/07/2025, 04:12 AM PDT","05/07/2025, 07:12 AM EDT","05/07/2025, 06:12 AM CDT","05/07/2025, 04:12 AM PDT","Airheads Watermelon Candy - .55 oz. Bar, 36 Pack",121945068,767563823049,N/A,N/A,AirHeads,Grocery,Gummy Candy,N/A,N/A,73390002039,https://i5.walmartimages.com/seo/Airheads-Watermelon-Candy-55-oz-Bar-36-Pack_1a5ddf90-da0c-4425-a361-d8c668e9f059.92482bdf68fbd2096c0757bc7436afea.jpeg,,N/A,https://www.walmart.com/ip/121945068,9.36,N/A,https://www.amazon.com/s?k=Airheads%20Watermelon%20Candy%20-%20.55%20oz.%20Bar%2C%2036%20Pack,https://www.ebay.com/sch/i.html?_nkw=Airheads%20Watermelon%20Candy%20-%20.55%20oz.%20Bar%2C%2036%20Pack,https://www.google.com/search?q=Airheads%20Watermelon%20Candy%20-%20.55%20oz.%20Bar%2C%2036%20Pack,https://seller.walmart.com/catalog/add-items?search=121945068,N/A,no,no,no,5,0,5,259,SupremeGoods,mfn,$14.99,7,$14.99,$21.29,14.99,9.36,-0.98,-6.54 %,-10.47 %,17.30,6.70,1,NA,N/A,$6.61,$4.95,0,$1.20,8.00%,$0.04,1,$0.42,$0.30 /lb,$0.42,$0.00,$0.00,$0.00,$0.00,0,$0.00,5,1,"For better accuracy, we’ve used dimensions from B000YV7EPE to provide more precise estimates","7.99, 6.50, 1.93 in, 1.39 lbs",7.99,6.50,1.93,1.39,N/A,Computer
"04/30/2025, 06:40 AM PDT","04/30/2025, 09:40 AM EDT","04/30/2025, 08:40 AM CDT","04/30/2025, 06:40 AM PDT","Shameless Snacks - Healthy Low Calorie Snacks, Low Carb Keto Gummies (Gluten Free & Non GMO  Candy) - 6 Pack Chili Mango Fire",2826234476,0,"Chili Mango Fire, Single",14,Shameless,Grocery,Gummy Candy,N/A,N/A,N/A,https://i5.walmartimages.com/seo/Shameless-Snacks-Healthy-Low-Calorie-Snacks-Low-Carb-Keto-Gummies-Gluten-Free-Candy-6-Pack-Chili-Mango-Fire_a7ad793c-8219-4b27-af68-816951a0f1bd.3649de9808ad3c28df95951e8d3e914d.jpeg,,N/A,https://www.walmart.com/ip/2826234476,16.14,https://www.amazon.com/dp/undefined,https://www.amazon.com/s?k=Shameless%20Snacks%20-%20Healthy%20Low%20Calorie%20Snacks%2C%20Low%20Carb%20Keto%20Gummies%20(Gluten%20Free%20%26%20Non%20GMO%20%20Candy)%20-%206%20Pack%20Chili%20Mango%20Fire,https://www.ebay.com/sch/i.html?_nkw=Shameless%20Snacks%20-%20Healthy%20Low%20Calorie%20Snacks%2C%20Low%20Carb%20Keto%20Gummies%20(Gluten%20Free%20%26%20Non%20GMO%20%20Candy)%20-%206%20Pack%20Chili%20Mango%20Fire,https://www.google.com/search?q=Shameless%20Snacks%20-%20Healthy%20Low%20Calorie%20Snacks%2C%20Low%20Carb%20Keto%20Gummies%20(Gluten%20Free%20%26%20Non%20GMO%20%20Candy)%20-%206%20Pack%20Chili%20Mango%20Fire,https://seller.walmart.com/catalog/add-items?search=2826234476,N/A,no,no,no,3,1,2,22,Shameless Snacks,wfs,$23.99,12,$23.99,$36.00,23.99,16.14,-0.99,-4.12 %,-6.12 %,25.05,12.12,1,,N/A,$8.84,$4.95,0,$3.60,15.00%,$0.05,1,$0.24,$0.30 /lb,$0.24,$0.00,$0.00,$0.00,$0.00,0,$0.00,4.7,376,"The listing has 14 variations,For better accuracy, we’ve used dimensions from B0C5B91HVB to provide more precise estimates,3 or less sellers","5.35, 5.12, 4.41 in, 0.79 lbs",5.35,5.12,4.41,0.79,N/A,Computer
"05/01/2025, 11:40 PM PDT","05/02/2025, 02:40 AM EDT","05/02/2025, 01:40 AM CDT","05/01/2025, 11:40 PM PDT","Holiday Christmas Big Ol Lump Of Coal Cherry Gummy Candy , 2.04 Ounce",5156256312,611508604708,Big Ol Lump Of Coal,3,Boston American Corp,Grocery,Gummy Candy,N/A,N/A,N/A,https://i5.walmartimages.com/seo/Holiday-Christmas-Big-Ol-Lump-Of-Coal-Cherry-Gummy-Candy-2-04-Ounce_48a37d2f-a558-4b8c-87ec-5661f20aba01.a84988427fa2cf886e14a39087f4ca78.jpeg,,N/A,https://www.walmart.com/ip/5156256312,2.05,N/A,https://www.amazon.com/s?k=Holiday%20Christmas%20Big%20Ol%20Lump%20Of%20Coal%20Cherry%20Gummy%20Candy%20%2C%202.04%20Ounce,https://www.ebay.com/sch/i.html?_nkw=Holiday%20Christmas%20Big%20Ol%20Lump%20Of%20Coal%20Cherry%20Gummy%20Candy%20%2C%202.04%20Ounce,https://www.google.com/search?q=Holiday%20Christmas%20Big%20Ol%20Lump%20Of%20Coal%20Cherry%20Gummy%20Candy%20%2C%202.04%20Ounce,https://seller.walmart.com/catalog/add-items?search=5156256312,N/A,no,no,no,0,0,0,0,N/A,N/A,0,,,Price,5.99,2.05,-1.04,-17.30 %,-50.54 %,7.05,0.81,1,NA,N/A,$4.98,$3.45,0,$0.48,8.00%,$0.01,1,$1.04,$0.30 /lb,$0.04,$0.00,$0.00,$0.00,$0.00,0,$0.00,,0,"The listing has 3 variations,For better accuracy, we’ve used dimensions from B00FPWABQ6 to provide more precise estimates,3 or less sellers","5.71, 4.45, 0.71 in, 0.13 lbs",5.71,4.45,0.71,0.13,N/A,Computer
"05/06/2025, 12:13 AM PDT","05/06/2025, 03:13 AM EDT","05/06/2025, 02:13 AM CDT","05/06/2025, 12:13 AM PDT","My Hero Academia Hero Sours, Strawberry Lemonade Flavored UA Candy, 1.2 Ounce Tin",108585889,611508175468,1 Tin,2,Boston America,Grocery,Sour Candy,N/A,N/A,17546,https://i5.walmartimages.com/seo/My-Hero-Academia-Hero-Sours-Strawberry-Lemonade-Flavored-UA-Candy-1-2-Ounce-Tin_095da086-dab7-488a-9122-f2a8060c1b30.226c65e58b9e8750de51fed054edfa99.jpeg,,N/A,https://www.walmart.com/ip/108585889,2.05,https://www.amazon.com/dp/B07VWF8GBL,https://www.amazon.com/s?k=My%20Hero%20Academia%20Hero%20Sours%2C%20Strawberry%20Lemonade%20Flavored%20UA%20Candy%2C%201.2%20Ounce%20Tin,https://www.ebay.com/sch/i.html?_nkw=My%20Hero%20Academia%20Hero%20Sours%2C%20Strawberry%20Lemonade%20Flavored%20UA%20Candy%2C%201.2%20Ounce%20Tin,https://www.google.com/search?q=My%20Hero%20Academia%20Hero%20Sours%2C%20Strawberry%20Lemonade%20Flavored%20UA%20Candy%2C%201.2%20Ounce%20Tin,https://seller.walmart.com/catalog/add-items?search=108585889,N/A,no,no,no,2,0,2,19,BiG Confections,mfn,$5.99,16,$5.99,$7.89,5.99,2.05,-1.04,-17.32 %,-50.62 %,7.05,0.81,1,$5.99,N/A,$4.98,$3.45,0,$0.48,8.00%,$0.00,1,$1.04,$0.30 /lb,$0.04,$0.00,$0.00,$0.00,$0.00,0,$0.00,,0,"The listing has 2 variations,Pulling package information from B07VWF8GBL via amazon.com,3 or less sellers","2.01, 2.01, 2.01 in, 0.15 lbs",2.01,2.01,2.01,0.15,N/A,Computer
"04/29/2025, 12:23 AM PDT","04/29/2025, 03:23 AM EDT","04/29/2025, 02:23 AM CDT","04/29/2025, 12:23 AM PDT",Chimes Ginger Chews - Tropical Mango - 1.5 Oz - Case Of 12,138810830,51299111298,N/A,N/A,Chimes,Grocery,Fruit Leathers,N/A,N/A,051299111298,https://i5.walmartimages.com/seo/CHIMES-GINGER-CHEW-MANGO-12-X-1-5-OZ_874f477b-cecb-4e0a-9d29-aaa4682c2520.a1a8cf191ce5de60a8dfe65d6638301d.jpeg,,N/A,https://www.walmart.com/ip/138810830,1.86,https://www.amazon.com/dp/B005FIYHBA,https://www.amazon.com/s?k=Chimes%20Ginger%20Chews%20-%20Tropical%20Mango%20-%201.5%20Oz%20-%20Case%20Of%2012,https://www.ebay.com/sch/i.html?_nkw=Chimes%20Ginger%20Chews%20-%20Tropical%20Mango%20-%201.5%20Oz%20-%20Case%20Of%2012,https://www.google.com/search?q=Chimes%20Ginger%20Chews%20-%20Tropical%20Mango%20-%201.5%20Oz%20-%20Case%20Of%2012,https://seller.walmart.com/catalog/add-items?search=138810830,N/A,no,no,no,0,0,0,0,N/A,N/A,0,,,Price,5.75,1.86,-1.05,-18.22 %,-56.31 %,6.80,0.65,1,$5.95,N/A,$4.94,$3.45,0,$0.46,8.00%,$0.00,1,$1.03,$0.30 /lb,$0.03,$0.00,$0.00,$0.00,$0.00,0,$0.00,4,6,3 or less sellers,"1.00, 1.00, 1.00 in, 0.09 lbs",1.00,1.00,1.00,0.09,N/A,Computer
"04/30/2025, 01:12 AM PDT","04/30/2025, 04:12 AM EDT","04/30/2025, 03:12 AM CDT","04/30/2025, 01:12 AM PDT",New 816338 Yan Yan Vanilla Creme W- Cracker Stck 2Oz (10-Pack) Pastries Cheap Wholesale Discount Bulk Snacks Pastries Winter,232850983,72320710129,N/A,N/A,Meiji,Gourmet Food,Snack Boxes,N/A,N/A,72320710020,https://i5.walmartimages.com/seo/New-816338-Yan-Yan-Vanilla-Creme-W-Cracker-Stck-2Oz-10-Pack-Pastries-Cheap-Wholesale-Discount-Bulk-Snacks-Pastries-Winter_1f198f1c-31f4-4796-bc5f-947dc21b5143.97ad1a3250af5020e9fb86fd01873718.jpeg,,N/A,https://www.walmart.com/ip/232850983,12.8,https://www.amazon.com/dp/B072HTCW6Y,https://www.amazon.com/s?k=New%20816338%20Yan%20Yan%20Vanilla%20Creme%20W-%20Cracker%20Stck%202Oz%20(10-Pack)%20Pastries%20Cheap%20Wholesale%20Discount%20Bulk%20Snacks%20Pastries%20Winter,https://www.ebay.com/sch/i.html?_nkw=New%20816338%20Yan%20Yan%20Vanilla%20Creme%20W-%20Cracker%20Stck%202Oz%20(10-Pack)%20Pastries%20Cheap%20Wholesale%20Discount%20Bulk%20Snacks%20Pastries%20Winter,https://www.google.com/search?q=New%20816338%20Yan%20Yan%20Vanilla%20Creme%20W-%20Cracker%20Stck%202Oz%20(10-Pack)%20Pastries%20Cheap%20Wholesale%20Discount%20Bulk%20Snacks%20Pastries%20Winter,https://seller.walmart.com/catalog/add-items?search=232850983,N/A,no,no,no,0,0,0,0,N/A,N/A,0,,,Price,20.96,12.8,-1.14,-5.42 %,-8.88 %,22.20,9.33,1,$23.95,N/A,$9.30,$5.45,0,$3.14,15.00%,$0.14,1,$0.56,$0.30 /lb,$0.56,$0.00,$0.00,$0.00,$0.00,0,$0.00,,0,"Pulling package information from B072HTCW6Y via amazon.com,3 or less sellers","12.99, 5.16, 4.88 in, 1.87 lbs",12.99,5.16,4.88,1.87,N/A,Computer
"04/30/2025, 12:30 AM PDT","04/30/2025, 03:30 AM EDT","04/30/2025, 02:30 AM CDT","04/30/2025, 12:30 AM PDT","Uha Mikakuto Puchao Ramune Soda Flavored Gummy Candy, 1.76 oz [Pack of 10]",665444515,0,N/A,N/A,UHA Mikakuto,Grocery,Gummy Candy,N/A,N/A,N/A,https://i5.walmartimages.com/seo/Uha-Mikakuto-Puchao-Ramune-Soda-Flavored-Gummy-Candy-1-76-oz-Pack-of-10_73141ec5-6a91-4f1c-862a-4b7fcb9d6b17.73acf795b4d005e3012399a17fabb9cd.png,,N/A,https://www.walmart.com/ip/665444515,14.5,https://www.amazon.com/dp/undefined,https://www.amazon.com/s?k=Uha%20Mikakuto%20Puchao%20Ramune%20Soda%20Flavored%20Gummy%20Candy%2C%201.76%20oz%20%5BPack%20of%2010%5D,https://www.ebay.com/sch/i.html?_nkw=Uha%20Mikakuto%20Puchao%20Ramune%20Soda%20Flavored%20Gummy%20Candy%2C%201.76%20oz%20%5BPack%20of%2010%5D,https://www.google.com/search?q=Uha%20Mikakuto%20Puchao%20Ramune%20Soda%20Flavored%20Gummy%20Candy%2C%201.76%20oz%20%5BPack%20of%2010%5D,https://seller.walmart.com/catalog/add-items?search=665444515,N/A,no,no,no,1,1,0,3,SJK Enterprises LLC,wfs,$21.99,3,$21.99,$21.99,21.99,14.5,-1.15,-5.22 %,-7.92 %,23.25,10.68,1,,N/A,$8.64,$4.95,0,$3.30,15.00%,$0.01,1,$0.38,$0.30 /lb,$0.38,$0.00,$0.00,$0.00,$0.00,0,$0.00,,0,"For better accuracy, we’ve used dimensions from B08WR1M6RB to provide more precise estimates,3 or less sellers","5.63, 4.13, 1.42 in, 1.25 lbs",5.63,4.13,1.42,1.25,N/A,Computer
"04/30/2025, 01:08 AM PDT","04/30/2025, 04:08 AM EDT","04/30/2025, 03:08 AM CDT","04/30/2025, 01:08 AM PDT","Boston America BAC-17587-C Tokidoki Unicrono Strawberry Candy With Collectible Tin, 1.2 Ounces",804607561,611508175871,N/A,N/A,Boston America,Toys & Games,Novelty & Gag Toys,N/A,N/A,20180CH,https://i5.walmartimages.com/seo/Boston-America-BAC-17587-C-Tokidoki-Unicrono-Strawberry-Candy-With-Collectible-Tin-1-2-Ounces_e8875d30-a544-4b62-875e-3dfb36f455d9.49eae24714d2702d942d64a1d58a2c83.jpeg,,N/A,https://www.walmart.com/ip/804607561,2.05,https://www.amazon.com/dp/B08KSRQ6CP,https://www.amazon.com/s?k=Boston%20America%20BAC-17587-C%20Tokidoki%20Unicrono%20Strawberry%20Candy%20With%20Collectible%20Tin%2C%201.2%20Ounces,https://www.ebay.com/sch/i.html?_nkw=Boston%20America%20BAC-17587-C%20Tokidoki%20Unicrono%20Strawberry%20Candy%20With%20Collectible%20Tin%2C%201.2%20Ounces,https://www.google.com/search?q=Boston%20America%20BAC-17587-C%20Tokidoki%20Unicrono%20Strawberry%20Candy%20With%20Collectible%20Tin%2C%201.2%20Ounces,https://seller.walmart.com/catalog/add-items?search=804607561,N/A,no,no,no,2,0,2,26,BiG Confections,mfn,$5.99,23,$5.99,$6.89,5.99,2.05,-1.45,-24.21 %,-70.75 %,7.60,0.48,1,$5.99,N/A,$5.39,$3.45,0,$0.90,15.00%,$0.00,1,$1.04,$0.30 /lb,$0.04,$0.00,$0.00,$0.00,$0.00,0,$0.00,,0,"Pulling package information from B08KSRQ6CP via amazon.com,3 or less sellers","3.58, 2.44, 0.75 in, 0.13 lbs",3.58,2.44,0.75,0.13,N/A,Computer
"04/30/2025, 01:11 AM PDT","04/30/2025, 04:11 AM EDT","04/30/2025, 03:11 AM CDT","04/30/2025, 01:11 AM PDT","Meiji Yan Yan Chocolate Crème Dipping Sticks, 2 oz, Pack of 10",5211028543,0,N/A,N/A,Meiji,Grocery,Nut Butters & Spreads,N/A,N/A,N/A,https://i5.walmartimages.com/seo/Meiji-Yan-Yan-Chocolate-Cr-me-Dipping-Sticks-2-oz-Pack-of-10_3787cccd-5a7a-4909-841f-01d4cb1c3a70.33f50078a023e530ad30aaffda703757.jpeg,,N/A,https://www.walmart.com/ip/5211028543,12.8,https://www.amazon.com/dp/undefined,https://www.amazon.com/s?k=Meiji%20Yan%20Yan%20Chocolate%20Cr%C3%A8me%20Dipping%20Sticks%2C%202%20oz%2C%20Pack%20of%2010,https://www.ebay.com/sch/i.html?_nkw=Meiji%20Yan%20Yan%20Chocolate%20Cr%C3%A8me%20Dipping%20Sticks%2C%202%20oz%2C%20Pack%20of%2010,https://www.google.com/search?q=Meiji%20Yan%20Yan%20Chocolate%20Cr%C3%A8me%20Dipping%20Sticks%2C%202%20oz%2C%20Pack%20of%2010,https://seller.walmart.com/catalog/add-items?search=5211028543,N/A,no,no,no,2,1,1,13,Think Gourmet,wfs,$19.50,3,$19.50,$26.48,19.5,12.8,-1.53,-7.83 %,-11.93 %,21.20,9.02,1,,N/A,$8.23,$4.95,0,$2.92,15.00%,$0.05,1,$0.30,$0.30 /lb,$0.30,$0.00,$0.00,$0.00,$0.00,0,$0.00,,0,"For better accuracy, we’ve used dimensions from B0C3VPJ2DH to provide more precise estimates,3 or less sellers","5.98, 5.00, 4.02 in, 1.00 lbs",5.98,5.00,4.02,1.00,N/A,Computer
"05/06/2025, 04:26 AM PDT","05/06/2025, 07:26 AM EDT","05/06/2025, 06:26 AM CDT","05/06/2025, 04:26 AM PDT",A' Siciliana Sicilian Limonata Soda 24 Pack 11.5 Fl Oz Cans,10204718171,762139491721,"24, 11.5 Fl Oz (Pack of 24)",1,A' Siciliana,Grocery,Soda Pop,N/A,N/A,N/A,https://i5.walmartimages.com/seo/A-Siciliana-Sicilian-Limonata-Soda-24-Pack-11-5-Fl-Oz-Cans_45b1def8-c96e-43b8-a888-45bbac118dbb.e7ae5e9da3196891514655b4f5053667.jpeg,,N/A,https://www.walmart.com/ip/10204718171,29.28,N/A,https://www.amazon.com/s?k=A'%20Siciliana%20Sicilian%20Limonata%20Soda%2024%20Pack%2011.5%20Fl%20Oz%20Cans,https://www.ebay.com/sch/i.html?_nkw=A'%20Siciliana%20Sicilian%20Limonata%20Soda%2024%20Pack%2011.5%20Fl%20Oz%20Cans,https://www.google.com/search?q=A'%20Siciliana%20Sicilian%20Limonata%20Soda%2024%20Pack%2011.5%20Fl%20Oz%20Cans,https://seller.walmart.com/catalog/add-items?search=10204718171,N/A,no,no,no,0,0,0,0,N/A,N/A,0,,,Price,53.99,29.28,-1.64,-3.03 %,-5.59 %,55.80,22.11,1,NA,N/A,$26.35,$12.15,0,$8.10,15.00%,$0.37,1,$5.73,$0.30 /lb,$5.73,$0.00,$0.00,$0.00,$0.00,0,$0.00,,0,"For better accuracy, we’ve used dimensions from B08C53QKJ8 to provide more precise estimates,3 or less sellers","15.04, 9.53, 5.98 in, 19.09 lbs",15.04,9.53,5.98,19.09,N/A,Computer
"04/30/2025, 01:03 AM PDT","04/30/2025, 04:03 AM EDT","04/30/2025, 03:03 AM CDT","04/30/2025, 01:03 AM PDT",Sangaria Ramune - Original Flavor 200mlX6bottle,6488971692,37404107462,N/A,N/A,Sangaria,Grocery,Soda Pop,N/A,N/A,N/A,https://i5.walmartimages.com/seo/Sangaria-Ramune-Original-Flavor-200mlX6bottle_82e8eb7f-a9cd-448a-9c34-5b5819d8b43f.33e5d54e4c1ddca062a602d0958016e2.jpeg,,N/A,https://www.walmart.com/ip/6488971692,10.68,N/A,https://www.amazon.com/s?k=Sangaria%20Ramune%20-%20Original%20Flavor%20200mlX6bottle,https://www.ebay.com/sch/i.html?_nkw=Sangaria%20Ramune%20-%20Original%20Flavor%20200mlX6bottle,https://www.google.com/search?q=Sangaria%20Ramune%20-%20Original%20Flavor%20200mlX6bottle,https://seller.walmart.com/catalog/add-items?search=6488971692,N/A,no,no,no,2,0,2,17,Snackathon Foods,mfn,$21.15,13,$21.15,$22.99,21.15,10.68,-1.69,-7.98 %,-15.81 %,23.05,7.19,1,NA,N/A,$12.16,$6.95,0,$3.17,15.00%,$0.14,1,$1.90,$0.30 /lb,$1.90,$0.00,$0.00,$0.00,$0.00,0,$0.00,,0,"For better accuracy, we’ve used dimensions from B0996BJK4Z to provide more precise estimates,3 or less sellers","8.31, 6.65, 5.71 in, 6.33 lbs",8.31,6.65,5.71,6.33,N/A,Computer
"05/06/2025, 12:26 AM PDT","05/06/2025, 03:26 AM EDT","05/06/2025, 02:26 AM CDT","05/06/2025, 12:26 AM PDT",Nik-L-Nip Mini Drinks Wax Bottles  18- 4 Pack,805887544,59642340760,25.14 oz,1,Tootsie,Grocery,Fruit Flavored Candy,N/A,N/A,N/A,https://i5.walmartimages.com/seo/Nik-L-Nip-Mini-Drinks-Wax-Bottles-18-4-Pack_c13dadef-f23c-4e09-b533-77ea8a9f3098.5ba91ee63c11ea134ceb572c45dd6123.jpeg,,N/A,https://www.walmart.com/ip/805887544,24.84,https://www.amazon.com/dp/B0937G4MRL,https://www.amazon.com/s?k=Nik-L-Nip%20Mini%20Drinks%20Wax%20Bottles%20%2018-%204%20Pack,https://www.ebay.com/sch/i.html?_nkw=Nik-L-Nip%20Mini%20Drinks%20Wax%20Bottles%20%2018-%204%20Pack,https://www.google.com/search?q=Nik-L-Nip%20Mini%20Drinks%20Wax%20Bottles%20%2018-%204%20Pack,https://seller.walmart.com/catalog/add-items?search=805887544,N/A,no,no,no,6,0,6,451,Valyou General,mfn,$34.20,153,$34.20,$49.50,34.2,24.84,-1.84,-5.39 %,-7.42 %,36.25,18.40,1,$33.08,100+ units sold this month on Amazon,$11.20,$5.45,0,$5.13,15.00%,$0.07,1,$0.55,$0.30 /lb,$0.55,$0.00,$0.00,$0.00,$0.00,0,$0.00,,0,Pulling package information from B0937G4MRL via amazon.com,"10.28, 4.65, 3.54 in, 1.83 lbs",10.28,4.65,3.54,1.83,N/A,Computer
"04/29/2025, 04:07 AM PDT","04/29/2025, 07:07 AM EDT","04/29/2025, 06:07 AM CDT","04/29/2025, 04:07 AM PDT","HI-CHEW Berry Mix, Pack of 6 Bags, 3.17oz each - Blackberry Cherry Raspberry, Unique Fun Soft & Chewy Candy - Immensely Juicy Fruity Candy Flavors, Individually Wrapped for Sharing",274106777,0,"Berry Mix, 6 Bags",14,HI-CHEW,Grocery,Chewy Candy,N/A,N/A,N/A,https://i5.walmartimages.com/seo/Hi-Chew-55560-3-17Oz-Hi-Chew-Berry-Mix-6Ct-Display-Ready-Master-Case-Assorted-Mix-Of-Black-Cherry-Raspberry-And-Blueberry-Price-Case_7d244dd1-b584-4e2e-b382-83d51b2ac85c.15707059dfb0fc5fccf564b89b7fce69.png,,N/A,https://www.walmart.com/ip/274106777,13.68,https://www.amazon.com/dp/undefined,https://www.amazon.com/s?k=HI-CHEW%20Berry%20Mix%2C%20Pack%20of%206%20Bags%2C%203.17oz%20each%20-%20Blackberry%20Cherry%20Raspberry%2C%20Unique%20Fun%20Soft%20%26%20Chewy%20Candy%20-%20Immensely%20Juicy%20Fruity%20Candy%20Flavors%2C%20Individually%20Wrapped%20for%20Sharing,https://www.ebay.com/sch/i.html?_nkw=HI-CHEW%20Berry%20Mix%2C%20Pack%20of%206%20Bags%2C%203.17oz%20each%20-%20Blackberry%20Cherry%20Raspberry%2C%20Unique%20Fun%20Soft%20%26%20Chewy%20Candy%20-%20Immensely%20Juicy%20Fruity%20Candy%20Flavors%2C%20Individually%20Wrapped%20for%20Sharing,https://www.google.com/search?q=HI-CHEW%20Berry%20Mix%2C%20Pack%20of%206%20Bags%2C%203.17oz%20each%20-%20Blackberry%20Cherry%20Raspberry%2C%20Unique%20Fun%20Soft%20%26%20Chewy%20Candy%20-%20Immensely%20Juicy%20Fruity%20Candy%20Flavors%2C%20Individually%20Wrapped%20for%20Sharing,https://seller.walmart.com/catalog/add-items?search=274106777,N/A,no,no,no,5,1,4,58,Snackathon Foods,wfs,$20.99,1,$20.99,$31.53,20.99,13.68,-1.89,-8.99 %,-13.79 %,23.10,9.43,1,,N/A,$9.20,$5.45,0,$3.15,15.00%,$0.13,1,$0.47,$0.30 /lb,$0.47,$0.00,$0.00,$0.00,$0.00,0,$0.00,1,5,"The listing has 14 variations,For better accuracy, we’ve used dimensions from B0BJ1W6LXJ to provide more precise estimates","8.23, 6.54, 5.43 in, 1.57 lbs",8.23,6.54,5.43,1.57,N/A,Computer
"04/29/2025, 03:02 AM PDT","04/29/2025, 06:02 AM EDT","04/29/2025, 05:02 AM CDT","04/29/2025, 03:02 AM PDT","Meiji Hello Panda Cookies, Chocolate, 0.75 oz, 32 ct /2PK",2474921332,644197912779,N/A,N/A,Meiji,Grocery,Cookies,N/A,N/A,N/A,https://i5.walmartimages.com/seo/Meiji-Hello-Panda-Cookies-Chocolate-0-75-oz-32-ct-2PK_3139fb8f-4ed6-4a06-b61e-1c2a3f4f9460.abd340d75e8387c014de1e667b581848.jpeg,,N/A,https://www.walmart.com/ip/2474921332,21.12,N/A,https://www.amazon.com/s?k=Meiji%20Hello%20Panda%20Cookies%2C%20Chocolate%2C%200.75%20oz%2C%2032%20ct%20%2F2PK,https://www.ebay.com/sch/i.html?_nkw=Meiji%20Hello%20Panda%20Cookies%2C%20Chocolate%2C%200.75%20oz%2C%2032%20ct%20%2F2PK,https://www.google.com/search?q=Meiji%20Hello%20Panda%20Cookies%2C%20Chocolate%2C%200.75%20oz%2C%2032%20ct%20%2F2PK,https://seller.walmart.com/catalog/add-items?search=2474921332,N/A,no,no,no,4,0,4,323,INKPRO LLC,mfn,$32.99,16,$32.99,$49.42,32.99,21.12,-2.08,-6.32 %,-9.87 %,35.35,15.23,1,NA,N/A,$13.95,$6.95,0,$4.95,15.00%,$0.29,1,$1.77,$0.30 /lb,$1.77,$0.00,$0.00,$0.00,$0.00,0,$0.00,,0,"For better accuracy, we’ve used dimensions from B08C8PD1W8 to provide more precise estimates","12.09, 8.39, 6.50 in, 5.90 lbs",12.09,8.39,6.50,5.90,N/A,Computer
"05/02/2025, 05:45 AM PDT","05/02/2025, 08:45 AM EDT","05/02/2025, 07:45 AM CDT","05/02/2025, 05:45 AM PDT","Googly Eyes Jar -50 Ct, Gummies",1316566238,48014010905,N/A,N/A,KLM Products Group,Grocery,Gummy Candy,N/A,N/A,N/A,https://i5.walmartimages.com/seo/Googly-Eyes-Jar-50-Ct-Gummies_633fba64-2233-4650-b12f-4411c3bd52d8.0af598a088de7a55904b81bd12c0ca7f.jpeg,,N/A,https://www.walmart.com/ip/1316566238,37.5,N/A,https://www.amazon.com/s?k=Googly%20Eyes%20Jar%20-50%20Ct%2C%20Gummies,https://www.ebay.com/sch/i.html?_nkw=Googly%20Eyes%20Jar%20-50%20Ct%2C%20Gummies,https://www.google.com/search?q=Googly%20Eyes%20Jar%20-50%20Ct%2C%20Gummies,https://seller.walmart.com/catalog/add-items?search=1316566238,N/A,yes,no,no,1,0,1,44,KLM Products Group,mfn,$48.75,44,$48.75,$48.75,48.75,37.5,-2.12,-4.34 %,-5.64 %,51.15,28.31,1,NA,N/A,$13.37,$5.45,0,$7.31,15.00%,$0.03,1,$0.57,$0.30 /lb,$0.57,$0.00,$0.00,$0.00,$0.00,0,$0.00,,0,"For better accuracy, we’ve used dimensions from B0BGYJ4RR4 to provide more precise estimates,3 or less sellers","10.00, 7.99, 0.98 in, 1.90 lbs",10.00,7.99,0.98,1.90,N/A,Computer
"05/06/2025, 12:10 AM PDT","05/06/2025, 03:10 AM EDT","05/06/2025, 02:10 AM CDT","05/06/2025, 12:10 AM PDT",Kidsmania Monkey Swing Candy Filled Toy .46 Oz. Case Of 12,5412813770,668688759773,1,1,Kidsmania,Grocery,Hard Candy,N/A,N/A,N/A,https://i5.walmartimages.com/seo/Kidsmania-Monkey-Swing-Candy-Filled-Toy-46-Oz-Case-Of-12_7be63966-ea6d-48a1-a4f8-583dd8e464f2.6297d693aaf508cbadd21a785c4d1663.jpeg,,N/A,https://www.walmart.com/ip/5412813770,15.24,N/A,https://www.amazon.com/s?k=Kidsmania%20Monkey%20Swing%20Candy%20Filled%20Toy%20.46%20Oz.%20Case%20Of%2012,https://www.ebay.com/sch/i.html?_nkw=Kidsmania%20Monkey%20Swing%20Candy%20Filled%20Toy%20.46%20Oz.%20Case%20Of%2012,https://www.google.com/search?q=Kidsmania%20Monkey%20Swing%20Candy%20Filled%20Toy%20.46%20Oz.%20Case%20Of%2012,https://seller.walmart.com/catalog/add-items?search=5412813770,N/A,no,no,no,5,0,5,51,Sun Valley Wholesale,mfn,$21.50,18,$21.50,$31.58,21.5,15.24,-2.3,-10.68 %,-15.07 %,24.10,10.35,1,NA,N/A,$8.56,$4.95,0,$3.23,15.00%,$0.08,1,$0.30,$0.30 /lb,$0.30,$0.00,$0.00,$0.00,$0.00,0,$0.00,,0,"For better accuracy, we’ve used dimensions from B0751YJSPQ to provide more precise estimates","7.60, 5.39, 4.61 in, 1.00 lbs",7.60,5.39,4.61,1.00,N/A,Computer
"04/29/2025, 06:45 AM PDT","04/29/2025, 09:45 AM EDT","04/29/2025, 08:45 AM CDT","04/29/2025, 06:45 AM PDT",Naruto Ichiraku Ramen Candy Fruit Flavored Sticks - 12 Count Display Box,2258754331,611508598700,Case of 12,2,Naruto,Grocery,Fruit Flavored Candy,N/A,N/A,N/A,https://i5.walmartimages.com/seo/Naruto-Ichiraku-Ramen-Candy-12-Count_3f83a734-46a8-4e63-b582-91e19f5327a2.5348a2c4095ba67f992848ba92cc6656.jpeg,,N/A,https://www.walmart.com/ip/2258754331,37.8,N/A,https://www.amazon.com/s?k=Naruto%20Ichiraku%20Ramen%20Candy%20Fruit%20Flavored%20Sticks%20-%2012%20Count%20Display%20Box,https://www.ebay.com/sch/i.html?_nkw=Naruto%20Ichiraku%20Ramen%20Candy%20Fruit%20Flavored%20Sticks%20-%2012%20Count%20Display%20Box,https://www.google.com/search?q=Naruto%20Ichiraku%20Ramen%20Candy%20Fruit%20Flavored%20Sticks%20-%2012%20Count%20Display%20Box,https://seller.walmart.com/catalog/add-items?search=2258754331,N/A,no,no,no,1,0,1,1,BiG Confections,mfn,$48.99,1,$48.99,$48.99,48.99,37.8,-2.39,-4.89 %,-6.33 %,51.70,28.32,1,NA,N/A,$13.58,$5.45,0,$7.35,15.00%,$0.10,1,$0.69,$0.30 /lb,$0.69,$0.00,$0.00,$0.00,$0.00,0,$0.00,,0,"The listing has 2 variations,For better accuracy, we’ve used dimensions from B0B3S9RRSC to provide more precise estimates,3 or less sellers","10.00, 9.02, 2.52 in, 2.29 lbs",10.00,9.02,2.52,2.29,N/A,Computer
"04/29/2025, 06:26 AM PDT","04/29/2025, 09:26 AM EDT","04/29/2025, 08:26 AM CDT","04/29/2025, 06:26 AM PDT",Animation! Jujutsu Kaisen Yuji Itadori Energy Drink,3708562421,611508176427,N/A,N/A,Unbranded,Grocery,Energy Drinks,N/A,N/A,N/A,https://i5.walmartimages.com/seo/Animation-Jujutsu-Kaisen-Yuji-Itadori-Energy-Drink_e32793e0-921c-4cca-8045-b8c53bc95053.581199b4c741390c0dc0b0dee2df6674.jpeg,,N/A,https://www.walmart.com/ip/3708562421,1.54,N/A,https://www.amazon.com/s?k=Animation!%20Jujutsu%20Kaisen%20Yuji%20Itadori%20Energy%20Drink,https://www.ebay.com/sch/i.html?_nkw=Animation!%20Jujutsu%20Kaisen%20Yuji%20Itadori%20Energy%20Drink,https://www.google.com/search?q=Animation!%20Jujutsu%20Kaisen%20Yuji%20Itadori%20Energy%20Drink,https://seller.walmart.com/catalog/add-items?search=3708562421,N/A,no,no,no,0,0,0,0,N/A,N/A,0,,,Price,3.99,1.54,-2.51,-63.00 %,-100 %,6.65,-0.78,1,NA,N/A,$4.96,$3.45,0,$0.32,8.00%,$0.04,1,$1.15,$0.30 /lb,$0.15,$0.00,$0.00,$0.00,$0.00,0,$0.00,,0,"For better accuracy, we’ve used dimensions from B0BN4Q7M3Y to provide more precise estimates,3 or less sellers","10.98, 3.11, 2.99 in, 0.50 lbs",10.98,3.11,2.99,0.50,N/A,Computer
"04/30/2025, 03:11 AM PDT","04/30/2025, 06:11 AM EDT","04/30/2025, 05:11 AM CDT","04/30/2025, 03:11 AM PDT","Arizona Arnold Palmer Half and Half Fruit Snacks, Gluten Free Snacks, 5 Ounce Individual Bags (Pack of 12)",509023592,613008759018,Arnold Palmer,5,AriZona,Grocery,Fruit Snacks,AriZona,N/A,N/A,https://i5.walmartimages.com/seo/Arizona-Arnold-Palmer-Half-and-Half-Fruit-Snacks-Gluten-Free-Snacks-5-Ounce-Individual-Bags-Pack-of-12_b9394302-b3aa-41a2-9630-928a381def77.032c223dd99d24a10e088b155644ae54.jpeg,,N/A,https://www.walmart.com/ip/509023592,23.52,https://www.amazon.com/dp/B08L9S6WR7,https://www.amazon.com/s?k=Arizona%20Arnold%20Palmer%20Half%20and%20Half%20Fruit%20Snacks%2C%20Gluten%20Free%20Snacks%2C%205%20Ounce%20Individual%20Bags%20(Pack%20of%2012),https://www.ebay.com/sch/i.html?_nkw=Arizona%20Arnold%20Palmer%20Half%20and%20Half%20Fruit%20Snacks%2C%20Gluten%20Free%20Snacks%2C%205%20Ounce%20Individual%20Bags%20(Pack%20of%2012),https://www.google.com/search?q=Arizona%20Arnold%20Palmer%20Half%20and%20Half%20Fruit%20Snacks%2C%20Gluten%20Free%20Snacks%2C%205%20Ounce%20Individual%20Bags%20(Pack%20of%2012),https://seller.walmart.com/catalog/add-items?search=509023592,N/A,no,no,no,1,0,1,29,Shop The King,mfn,$33.60,29,$33.60,$33.60,33.6,23.52,-2.55,-7.59 %,-10.84 %,36.50,16.78,1,$35.21,50+ units sold this month on Amazon,$12.63,$6.15,0,$5.04,15.00%,$0.21,1,$1.23,$0.30 /lb,$1.23,$0.00,$0.00,$0.00,$0.00,0,$0.00,1,1,"The listing has 5 variations,Pulling package information from B08L9S6WR7 via amazon.com,3 or less sellers","9.65, 8.23, 6.10 in, 4.10 lbs",9.65,8.23,6.10,4.10,N/A,Computer
"05/01/2025, 11:42 PM PDT","05/02/2025, 02:42 AM EDT","05/02/2025, 01:42 AM CDT","05/01/2025, 11:42 PM PDT",Big Dipper Candy Ring With Sour Powder 12 Count,606870131,686464566209,N/A,N/A,Big Dipper Wax,Grocery,Sour Candy,N/A,N/A,N/A,https://i5.walmartimages.com/seo/Big-Dipper-Candy-Ring-With-Sour-Powder-12-Count_a1737342-0d53-464b-975d-956722e9ef29.9d06d91bd11eb835423d398249e4a08e.jpeg,,N/A,https://www.walmart.com/ip/606870131,15.24,https://www.amazon.com/dp/B00LQZ0FX0,https://www.amazon.com/s?k=Big%20Dipper%20Candy%20Ring%20With%20Sour%20Powder%2012%20Count,https://www.ebay.com/sch/i.html?_nkw=Big%20Dipper%20Candy%20Ring%20With%20Sour%20Powder%2012%20Count,https://www.google.com/search?q=Big%20Dipper%20Candy%20Ring%20With%20Sour%20Powder%2012%20Count,https://seller.walmart.com/catalog/add-items?search=606870131,N/A,no,no,no,4,0,4,25,Black Duck Deals,mfn,$20.69,1,$20.69,$33.50,20.69,15.24,-2.92,-14.10 %,-19.14 %,24.05,9.86,1,$20.69,N/A,$8.37,$4.95,0,$3.10,15.00%,$0.07,1,$0.24,$0.30 /lb,$0.24,$0.00,$0.00,$0.00,$0.00,0,$0.00,,0,Pulling package information from B00LQZ0FX0 via amazon.com,"6.61, 6.42, 4.02 in, 0.80 lbs",6.61,6.42,4.02,0.80,N/A,Computer
"04/29/2025, 12:43 AM PDT","04/29/2025, 03:43 AM EDT","04/29/2025, 02:43 AM CDT","04/29/2025, 12:43 AM PDT","Chimes ginger chews, original, 2 oz",166813650,51299811327,N/A,N/A,Chimes,Grocery,Chewing Gum,N/A,N/A,3AF3123C4E6BB44,https://i5.walmartimages.com/seo/Chimes-ginger-chews-original-2-oz_89d21748-0702-490d-a8ae-9a43b9b3cb83_1.6821f1961753d200d813e0bdd7b53cf3.jpeg,,N/A,https://www.walmart.com/ip/166813650,2.89,https://www.amazon.com/dp/B000LKWWDW,https://www.amazon.com/s?k=Chimes%20ginger%20chews%2C%20original%2C%202%20oz,https://www.ebay.com/sch/i.html?_nkw=Chimes%20ginger%20chews%2C%20original%2C%202%20oz,https://www.google.com/search?q=Chimes%20ginger%20chews%2C%20original%2C%202%20oz,https://seller.walmart.com/catalog/add-items?search=166813650,N/A,no,no,no,1,0,1,50,Smallflower,mfn,$8.74,50,$8.74,$8.74,8.74,2.89,-3.38,-38.66 %,-100 %,11.25,-0.39,1,OOS,N/A,$9.23,$6.15,0,$0.70,8.00%,$0.09,1,$2.29,$0.30 /lb,$1.29,$0.00,$0.00,$0.00,$0.00,0,$0.00,,0,"Pulling package information from B000LKWWDW via amazon.com,3 or less sellers","11.30, 5.12, 3.58 in, 4.30 lbs",11.30,5.12,3.58,4.30,N/A,Computer
"04/29/2025, 04:09 AM PDT","04/29/2025, 07:09 AM EDT","04/29/2025, 06:09 AM CDT","04/29/2025, 04:09 AM PDT","HI-CHEW Bites Bag Original Mix - Mango, Green Apple and Strawberry - 2.12 oz (Pack of 12)",3211304166,0,12 Bags,1,HI-CHEW,Grocery,Chewy Candy,N/A,N/A,N/A,https://i5.walmartimages.com/seo/HI-CHEW-Bites-Bag-Original-Mix-Mango-Green-Apple-and-Strawberry-2-12-oz-Pack-of-12_2af64f49-65d1-41a5-b4a9-5a51da106184.f89fc592d9c4e040d2c4878f1788030a.jpeg,,N/A,https://www.walmart.com/ip/3211304166,13.56,https://www.amazon.com/dp/undefined,https://www.amazon.com/s?k=HI-CHEW%20Bites%20Bag%20Original%20Mix%20-%20Mango%2C%20Green%20Apple%20and%20Strawberry%20-%202.12%20oz%20(Pack%20of%2012),https://www.ebay.com/sch/i.html?_nkw=HI-CHEW%20Bites%20Bag%20Original%20Mix%20-%20Mango%2C%20Green%20Apple%20and%20Strawberry%20-%202.12%20oz%20(Pack%20of%2012),https://www.google.com/search?q=HI-CHEW%20Bites%20Bag%20Original%20Mix%20-%20Mango%2C%20Green%20Apple%20and%20Strawberry%20-%202.12%20oz%20(Pack%20of%2012),https://seller.walmart.com/catalog/add-items?search=3211304166,N/A,no,no,no,2,0,2,11,Excellent USA,mfn,$19.52,6,$19.52,$19.95,19.52,13.56,-3.48,-17.83 %,-25.67 %,23.50,8.06,1,,N/A,$9.44,$5.75,0,$2.93,15.00%,$0.19,1,$0.58,$0.30 /lb,$0.58,$0.00,$0.00,$0.00,$0.00,0,$0.00,,0,"For better accuracy, we’ve used dimensions from B0BYRMQTCV to provide more precise estimates,3 or less sellers","10.35, 8.74, 4.76 in, 1.92 lbs",10.35,8.74,4.76,1.92,N/A,Computer
"04/30/2025, 06:33 AM PDT","04/30/2025, 09:33 AM EDT","04/30/2025, 08:33 AM CDT","04/30/2025, 06:33 AM PDT",Raaka Chocolate HG2500643 1.8 oz Bar Oat Milk Dark Chocolate 58 Percent - Case of 12,725826444,850002567045,N/A,N/A,Raaka Chocolate,Grocery,Chocolate Candy,N/A,N/A,N/A,https://i5.walmartimages.com/seo/Raaka-Chocolate-HG2500643-1-8-oz-Bar-Oat-Milk-Dark-Chocolate-58-Percent-Case-of-12_7f401422-fd99-432f-ad22-35f8ed77197f.dd0d2067425fa418d76144be93003197.jpeg,,N/A,https://www.walmart.com/ip/725826444,3.59,https://www.amazon.com/dp/B07NVYQLFH,https://www.amazon.com/s?k=Raaka%20Chocolate%20HG2500643%201.8%20oz%20Bar%20Oat%20Milk%20Dark%20Chocolate%2058%20Percent%20-%20Case%20of%2012,https://www.ebay.com/sch/i.html?_nkw=Raaka%20Chocolate%20HG2500643%201.8%20oz%20Bar%20Oat%20Milk%20Dark%20Chocolate%2058%20Percent%20-%20Case%20of%2012,https://www.google.com/search?q=Raaka%20Chocolate%20HG2500643%201.8%20oz%20Bar%20Oat%20Milk%20Dark%20Chocolate%2058%20Percent%20-%20Case%20of%2012,https://seller.walmart.com/catalog/add-items?search=725826444,N/A,no,no,no,0,0,0,0,N/A,N/A,0,,,Price,4.99,3.59,-3.49,-69.96 %,-97.24 %,8.70,0.08,1,OOS,N/A,$4.89,$3.45,0,$0.40,8.00%,$0.00,1,$1.04,$0.30 /lb,$0.04,$0.00,$0.00,$0.00,$0.00,0,$0.00,,0,"Pulling package information from B07NVYQLFH via amazon.com,3 or less sellers","5.31, 2.48, 0.47 in, 0.13 lbs",5.31,2.48,0.47,0.13,N/A,Computer
"05/14/2025, 12:56 AM PDT","05/14/2025, 03:56 AM EDT","05/14/2025, 02:56 AM CDT","05/14/2025, 12:56 AM PDT","34 Degrees Crackers, Cracked Pepper Entertaining Crisps, 4.5 oz",38449935,894771000365,N/A,N/A,34 Degrees,Grocery,Snack Crackers,34 Degrees,N/A,1863588,https://i5.walmartimages.com/seo/34-Degrees-Crackers-Cracked-Pepper-Entertaining-Crisps-4-5-oz_235b296f-ad9d-4f90-83d8-401d7be7b776_1.7c98d31fd456fb5e4fbdae5b482f3923.jpeg,,N/A,https://www.walmart.com/ip/38449935,3.38,https://www.amazon.com/dp/B003JAESHY,https://www.amazon.com/s?k=34%20Degrees%20Crackers%2C%20Cracked%20Pepper%20Entertaining%20Crisps%2C%204.5%20oz,https://www.ebay.com/sch/i.html?_nkw=34%20Degrees%20Crackers%2C%20Cracked%20Pepper%20Entertaining%20Crisps%2C%204.5%20oz,https://www.google.com/search?q=34%20Degrees%20Crackers%2C%20Cracked%20Pepper%20Entertaining%20Crisps%2C%204.5%20oz,https://seller.walmart.com/catalog/add-items?search=38449935,N/A,yes,no,no,2,1,1,35,Third Eye Market,wfs,$10.79,7,$10.79,$11.27,10.79,3.38,2.92,27.06 %,86.38 %,8.60,5.04,1,$5.55,200+ units sold this month on Amazon,$4.49,$3.45,0,$0.86,8.00%,$0.03,1,$0.15,$0.30 /lb,$0.15,$0.00,$0.00,$0.00,$0.00,0,$0.00,4,4,"Pulling package information from B003JAESHY via amazon.com,3 or less sellers","7.01, 2.99, 2.99 in, 0.50 lbs",7.01,2.99,2.99,0.50,N/A,Computer
"05/14/2025, 12:59 AM PDT","05/14/2025, 03:59 AM EDT","05/14/2025, 02:59 AM CDT","05/14/2025, 12:59 AM PDT","34 Degrees Crackers, Original Entertaining Crisps, 4.5 oz",16940713,894771000341,N/A,N/A,34 Degrees,Grocery,Snack Crackers,34 Degrees,N/A,34DEG NATURAL,https://i5.walmartimages.com/seo/34-Degrees-Crackers-Original-Entertaining-Crisps-4-5-oz_70c58646-2564-4c64-82ac-fffa096e11c2.335972e464431a915096e6d8df3d82d4.jpeg,,N/A,https://www.walmart.com/ip/16940713,3.38,https://www.amazon.com/dp/B0011ZWNU8,https://www.amazon.com/s?k=34%20Degrees%20Crackers%2C%20Original%20Entertaining%20Crisps%2C%204.5%20oz,https://www.ebay.com/sch/i.html?_nkw=34%20Degrees%20Crackers%2C%20Original%20Entertaining%20Crisps%2C%204.5%20oz,https://www.google.com/search?q=34%20Degrees%20Crackers%2C%20Original%20Entertaining%20Crisps%2C%204.5%20oz,https://seller.walmart.com/catalog/add-items?search=16940713,N/A,no,no,no,6,3,3,95,Super Savings Now,wfs,$8.48,20,$8.48,$9.99,8.48,3.38,-0.16,-1.85 %,-4.65 %,8.55,2.58,1,$7.49,1k+ units sold this month on Amazon,$5.26,$3.45,0,$0.68,8.00%,$0.02,1,$1.10,$0.30 /lb,$0.10,$0.00,$0.00,$0.00,$0.00,0,$0.00,3.8,19,Pulling package information from B0011ZWNU8 via amazon.com,"6.69, 2.99, 2.72 in, 0.35 lbs",6.69,2.99,2.72,0.35,N/A,Computer
"05/14/2025, 01:00 AM PDT","05/14/2025, 04:00 AM EDT","05/14/2025, 03:00 AM CDT","05/14/2025, 01:00 AM PDT","34 Degrees Crackers, Rosemary Entertaining Crisps, 4.5 oz",16940714,894771000372,N/A,N/A,34 Degrees,Grocery,Snack Crackers,34 Degrees,N/A,34DEG ROSEMRY,https://i5.walmartimages.com/seo/34-Degrees-Crackers-Rosemary-Entertaining-Crisps-4-5-oz_7e7545b6-dbff-48f4-b63b-3735e9a4fe2b.186e2c504eb59ca4c58ef7aa4cd4a185.jpeg,,N/A,https://www.walmart.com/ip/16940714,3.38,https://www.amazon.com/dp/B001SAQR4O,https://www.amazon.com/s?k=34%20Degrees%20Crackers%2C%20Rosemary%20Entertaining%20Crisps%2C%204.5%20oz,https://www.ebay.com/sch/i.html?_nkw=34%20Degrees%20Crackers%2C%20Rosemary%20Entertaining%20Crisps%2C%204.5%20oz,https://www.google.com/search?q=34%20Degrees%20Crackers%2C%20Rosemary%20Entertaining%20Crisps%2C%204.5%20oz,https://seller.walmart.com/catalog/add-items?search=16940714,N/A,no,yes,no,5,3,2,43,ARCSOLUTIONS,wfs,$9.43,8,$9.43,$12.00,9.43,3.38,0.72,7.60 %,21.21 %,8.55,3.28,1,$61.64,N/A,$5.33,$3.45,0,$0.75,8.00%,$0.02,1,$1.10,$0.30 /lb,$0.10,$0.00,$0.00,$0.00,$0.00,0,$0.00,4,28,"For better accuracy, we’ve used dimensions from B0011ZWNU8 to provide more precise estimates","6.69, 2.99, 2.72 in, 0.35 lbs",6.69,2.99,2.72,0.35,N/A,Computer
"05/14/2025, 01:07 AM PDT","05/14/2025, 04:07 AM EDT","05/14/2025, 03:07 AM CDT","05/14/2025, 01:07 AM PDT",Dr. bronner's organic pure castile liquid soap tea tree 8 fl oz,28663427,18787776087,N/A,N/A,Dr. Bronner's,Health & Personal Care,Hand Soaps,N/A,N/A,DBR-77608,https://i5.walmartimages.com/seo/Dr-bronner-s-organic-pure-castile-liquid-soap-tea-tree-8-fl-oz_7c488b24-e330-48b7-847f-1a41ebe4cdd6.bf32a0b166b67e0e85641a2d69a161a2.jpeg,,N/A,https://www.walmart.com/ip/28663427,5.32,https://www.amazon.com/dp/B005U5HXZA,https://www.amazon.com/s?k=Dr.%20bronner's%20organic%20pure%20castile%20liquid%20soap%20tea%20tree%208%20fl%20oz,https://www.ebay.com/sch/i.html?_nkw=Dr.%20bronner's%20organic%20pure%20castile%20liquid%20soap%20tea%20tree%208%20fl%20oz,https://www.google.com/search?q=Dr.%20bronner's%20organic%20pure%20castile%20liquid%20soap%20tea%20tree%208%20fl%20oz,https://seller.walmart.com/catalog/add-items?search=28663427,N/A,no,no,no,8,3,5,42,Stevenson18LLC,wfs,$14.41,1,$14.41,$19.95,14.41,5.32,3.26,22.60 %,61.22 %,10.50,6.86,1,$14.45,300+ units sold this month on Amazon,$5.83,$3.45,0,$2.16,15.00%,$0.01,1,$0.21,$0.30 /lb,$0.21,$0.00,$0.00,$0.00,$0.00,0,$0.00,4.9,263,Pulling package information from B005U5HXZA via amazon.com,"6.26, 1.81, 1.73 in, 0.71 lbs",6.26,1.81,1.73,0.71,N/A,Computer
"05/14/2025, 01:08 AM PDT","05/14/2025, 04:08 AM EDT","05/14/2025, 03:08 AM CDT","05/14/2025, 01:08 AM PDT",88AC BAN BREAD PROTN BAR ( 9 X 1.9 OZ   ),859731687,857851005902,N/A,N/A,88 Acres,Grocery,Snack Bars,N/A,N/A,0857851005902,https://i5.walmartimages.com/seo/88-Acres-83721-1-9-oz-Banana-Bread-Protein-Bar-44-Pack-of-9_901913af-ab21-42dc-a600-79c599714917.eae728a0c9b6182fd799a1abf24f82c2.jpeg,,N/A,https://www.walmart.com/ip/859731687,17.55,https://www.amazon.com/dp/B081P55QJH,https://www.amazon.com/s?k=88AC%20BAN%20BREAD%20PROTN%20BAR%20(%209%20X%201.9%20OZ%20%20%20),https://www.ebay.com/sch/i.html?_nkw=88AC%20BAN%20BREAD%20PROTN%20BAR%20(%209%20X%201.9%20OZ%20%20%20),https://www.google.com/search?q=88AC%20BAN%20BREAD%20PROTN%20BAR%20(%209%20X%201.9%20OZ%20%20%20),https://seller.walmart.com/catalog/add-items?search=859731687,N/A,no,no,no,2,0,2,17,DealMark,mfn,$41.79,10,$41.79,$52.35,41.79,17.55,14.49,34.66 %,82.54 %,24.65,25.63,1,$7.51,1k+ units sold this month on Amazon,$9.75,$3.45,0,$6.27,15.00%,$0.00,1,$0.03,$0.30 /lb,$0.03,$0.00,$0.00,$0.00,$0.00,0,$0.00,,0,"Pulling package information from B081P55QJH via amazon.com,3 or less sellers","5.12, 1.85, 0.67 in, 0.11 lbs",5.12,1.85,0.67,0.11,N/A,Computer
"05/14/2025, 01:11 AM PDT","05/14/2025, 04:11 AM EDT","05/14/2025, 03:11 AM CDT","05/14/2025, 01:11 AM PDT","88 ACRES Warm 'N Chewey Gluten-Free Blueberry/Lemon Seed and Oat Bar, 1.6 oz Bar, 9/Box",13193410613,857851005988,N/A,N/A,88 Acres,Grocery,Snack Bars,N/A,N/A,N/A,https://i5.walmartimages.com/seo/88-ACRES-Warm-N-Chewey-Gluten-Free-Blueberry-Lemon-Seed-and-Oat-Bar-1-6-oz-Bar-9-Box_da4ca06a-b4a6-4a2e-bd3e-53d0da837406.fe402d709fca6718b7bf34977ee16bcb.jpeg,,N/A,https://www.walmart.com/ip/13193410613,12.15,N/A,https://www.amazon.com/s?k=88%20ACRES%20Warm%20'N%20Chewey%20Gluten-Free%20Blueberry%2FLemon%20Seed%20and%20Oat%20Bar%2C%201.6%20oz%20Bar%2C%209%2FBox,https://www.ebay.com/sch/i.html?_nkw=88%20ACRES%20Warm%20'N%20Chewey%20Gluten-Free%20Blueberry%2FLemon%20Seed%20and%20Oat%20Bar%2C%201.6%20oz%20Bar%2C%209%2FBox,https://www.google.com/search?q=88%20ACRES%20Warm%20'N%20Chewey%20Gluten-Free%20Blueberry%2FLemon%20Seed%20and%20Oat%20Bar%2C%201.6%20oz%20Bar%2C%209%2FBox,https://seller.walmart.com/catalog/add-items?search=13193410613,N/A,no,no,yes,5,0,4,68,Walmart.com,wmt,$25.57,15,$25.57,$49.99,25.57,12.15,4.28,16.74 %,35.24 %,20.45,13.15,1,NA,N/A,$9.14,$4.95,0,$3.84,15.00%,$0.04,1,$0.31,$0.30 /lb,$0.31,$0.00,$0.00,$0.00,$0.00,0,$0.00,,0,"Walmart.com is on the listing,For better accuracy, we’ve used dimensions from B0C6F3N6FY to provide more precise estimates","6.50, 6.14, 2.36 in, 1.04 lbs",6.50,6.14,2.36,1.04,N/A,Computer
"05/14/2025, 01:15 AM PDT","05/14/2025, 04:15 AM EDT","05/14/2025, 03:15 AM CDT","05/14/2025, 01:15 AM PDT",88 Acres  Dark Chocolate Sea Salt Seed & Oat Bar,15888622312,700620018439,N/A,N/A,88 Acres,Grocery,Snack Bars,N/A,N/A,N/A,https://i5.walmartimages.com/seo/88-Acres-Dark-Chocolate-Sea-Salt-Seed-Oat-Bar_ff00e781-2938-4167-8ef6-155ce7fcdc57.3a6051e8222e3647c03167b278aa4dac.jpeg,,N/A,https://www.walmart.com/ip/15888622312,12.15,N/A,https://www.amazon.com/s?k=88%20Acres%20%20Dark%20Chocolate%20Sea%20Salt%20Seed%20%26%20Oat%20Bar,https://www.ebay.com/sch/i.html?_nkw=88%20Acres%20%20Dark%20Chocolate%20Sea%20Salt%20Seed%20%26%20Oat%20Bar,https://www.google.com/search?q=88%20Acres%20%20Dark%20Chocolate%20Sea%20Salt%20Seed%20%26%20Oat%20Bar,https://seller.walmart.com/catalog/add-items?search=15888622312,N/A,no,no,no,1,0,1,16,Boncui,mfn,$38.05,16,$38.05,$38.05,38.05,12.15,16.71,43.92 %,137.56 %,18.30,23.09,1,NA,N/A,$9.19,$3.45,0,$5.71,15.00%,$0.00,1,$0.03,$0.30 /lb,$0.03,$0.00,$0.00,$0.00,$0.00,0,$0.00,,0,"For better accuracy, we’ve used dimensions from B074TLXCVY to provide more precise estimates,3 or less sellers","4.96, 1.73, 0.67 in, 0.09 lbs",4.96,1.73,0.67,0.09,N/A,Computer
"05/14/2025, 01:31 AM PDT","05/14/2025, 04:31 AM EDT","05/14/2025, 03:31 AM CDT","05/14/2025, 01:31 AM PDT","A LA MAISON: Cranberry Vines Soap Bar, 4 pk",336909010,817252014484,N/A,N/A,A La Maison,Health & Personal Care,Bath Soaps,N/A,N/A,N/A,https://i5.walmartimages.com/seo/A-LA-MAISON-Cranberry-Vines-Soap-Bar-4-pk_44435d59-64d2-4a4f-a16e-12cffb802757.573bbfaab5bddaaf7c9fa5d72a20af72.jpeg,,N/A,https://www.walmart.com/ip/336909010,4.76,N/A,https://www.amazon.com/s?k=A%20LA%20MAISON%3A%20Cranberry%20Vines%20Soap%20Bar%2C%204%20pk,https://www.ebay.com/sch/i.html?_nkw=A%20LA%20MAISON%3A%20Cranberry%20Vines%20Soap%20Bar%2C%204%20pk,https://www.google.com/search?q=A%20LA%20MAISON%3A%20Cranberry%20Vines%20Soap%20Bar%2C%204%20pk,https://seller.walmart.com/catalog/add-items?search=336909010,N/A,no,no,no,0,0,0,0,N/A,N/A,0,,,Price,19.95,4.76,6.94,34.81 %,145.90 %,11.70,9.36,1,NA,N/A,$8.25,$4.95,0,$2.99,15.00%,$0.01,1,$0.29,$0.30 /lb,$0.29,$0.00,$0.00,$0.00,$0.00,0,$0.00,,0,"For better accuracy, we’ve used dimensions from B00DIUG292 to provide more precise estimates,3 or less sellers","4.37, 3.23, 1.93 in, 0.97 lbs",4.37,3.23,1.93,0.97,N/A,Computer
"05/14/2025, 01:33 AM PDT","05/14/2025, 04:33 AM EDT","05/14/2025, 03:33 AM CDT","05/14/2025, 01:33 AM PDT","A La Maison Bar Soap, 4 Bars, Frsh Sslt - 4/3.5 oz",415422818,817252010974,N/A,N/A,A La Maison,Health & Personal Care,Bath Soaps,N/A,N/A,AMP01097,https://i5.walmartimages.com/seo/A-La-Maison-Bar-Soap-4-Bars-Frsh-Sslt-4-3-5-oz_d89693fb-3fe9-4843-a81a-88a03271b6da.a6f175ea171fd60f266b07f971f855f9.jpeg,,N/A,https://www.walmart.com/ip/415422818,5.93,https://www.amazon.com/dp/B00YFPOETE,https://www.amazon.com/s?k=A%20La%20Maison%20Bar%20Soap%2C%204%20Bars%2C%20Frsh%20Sslt%20-%204%2F3.5%20oz,https://www.ebay.com/sch/i.html?_nkw=A%20La%20Maison%20Bar%20Soap%2C%204%20Bars%2C%20Frsh%20Sslt%20-%204%2F3.5%20oz,https://www.google.com/search?q=A%20La%20Maison%20Bar%20Soap%2C%204%20Bars%2C%20Frsh%20Sslt%20-%204%2F3.5%20oz,https://seller.walmart.com/catalog/add-items?search=415422818,N/A,no,yes,no,1,0,1,46,iHerb,mfn,$13.04,46,$13.04,$13.04,13.04,5.93,1.69,12.93 %,28.42 %,10.95,6.09,1,$22.99,100+ units sold this month on Amazon,$5.42,$3.45,0,$1.96,15.00%,$0.00,1,$0.02,$0.30 /lb,$0.02,$0.00,$0.00,$0.00,$0.00,0,$0.00,5,2,3 or less sellers,"1.00, 1.00, 1.00 in, 0.06 lbs",1.00,1.00,1.00,0.06,N/A,Computer
"05/14/2025, 01:38 AM PDT","05/14/2025, 04:38 AM EDT","05/14/2025, 03:38 AM CDT","05/14/2025, 01:38 AM PDT","A La Maison de Provence Liquid Soap For Hand & Body, Citrus Blossom, 16.9 fl oz (500 ml)",882108128,817252012442,N/A,N/A,A La Maison,Health & Personal Care,Hand Soaps,N/A,N/A,NF2254142,https://i5.walmartimages.com/seo/A-La-Maison-de-Provence-Liquid-Soap-For-Hand-Body-Citrus-Blossom-16-9-fl-oz-500-ml_66bf8815-f5d8-489d-9702-42005d16ec08.9cbc43f3642cc15eff4c000ea3589721.jpeg,,N/A,https://www.walmart.com/ip/882108128,6.82,https://www.amazon.com/dp/B07C9CRYSB,https://www.amazon.com/s?k=A%20La%20Maison%20de%20Provence%20Liquid%20Soap%20For%20Hand%20%26%20Body%2C%20Citrus%20Blossom%2C%2016.9%20fl%20oz%20(500%20ml),https://www.ebay.com/sch/i.html?_nkw=A%20La%20Maison%20de%20Provence%20Liquid%20Soap%20For%20Hand%20%26%20Body%2C%20Citrus%20Blossom%2C%2016.9%20fl%20oz%20(500%20ml),https://www.google.com/search?q=A%20La%20Maison%20de%20Provence%20Liquid%20Soap%20For%20Hand%20%26%20Body%2C%20Citrus%20Blossom%2C%2016.9%20fl%20oz%20(500%20ml),https://seller.walmart.com/catalog/add-items?search=882108128,"Reviewers highlighted: ingredients, size, smell",no,yes,no,3,0,3,201,iHerb,mfn,$13.72,78,$13.72,$16.87,13.72,6.82,1.35,9.81 %,19.73 %,12.05,6.53,1,$14.50,N/A,$5.55,$3.45,0,$2.06,15.00%,$0.03,1,$0.02,$0.30 /lb,$0.02,$0.00,$0.00,$0.00,$0.00,0,$0.00,4.6,414,3 or less sellers,"3.50, 2.50, 7.50 in, 0.06 lbs",3.50,2.50,7.50,0.06,N/A,Computer
"05/14/2025, 03:11 AM PDT","05/14/2025, 06:11 AM EDT","05/14/2025, 05:11 AM CDT","05/14/2025, 03:11 AM PDT",A La Maison - Traditional French Milled Liquid Soap Lavender Aloe - 16.9 fl. oz.,27229809,182741000324,N/A,N/A,A La Maison,Health & Personal Care,Bath Soaps,N/A,N/A,0702852,https://i5.walmartimages.com/seo/A-La-Maison-Traditional-French-Milled-Liquid-Soap-Lavender-Aloe-16-9-fl-oz_22500be7-e292-48d4-bb2a-088af892c618.7a72aebf05a5fb7b444404f90cb55aec.jpeg,,N/A,https://www.walmart.com/ip/27229809,6.82,https://www.amazon.com/dp/B0052P248E,https://www.amazon.com/s?k=A%20La%20Maison%20-%20Traditional%20French%20Milled%20Liquid%20Soap%20Lavender%20Aloe%20-%2016.9%20fl.%20oz.,https://www.ebay.com/sch/i.html?_nkw=A%20La%20Maison%20-%20Traditional%20French%20Milled%20Liquid%20Soap%20Lavender%20Aloe%20-%2016.9%20fl.%20oz.,https://www.google.com/search?q=A%20La%20Maison%20-%20Traditional%20French%20Milled%20Liquid%20Soap%20Lavender%20Aloe%20-%2016.9%20fl.%20oz.,https://seller.walmart.com/catalog/add-items?search=27229809,"Reviewers highlighted: ingredients, size, smell",no,yes,no,5,1,4,1318,Beauty Outfit,wfs,$14.50,4,$13.72,$16.85,14.5,6.82,0.21,1.45 %,3.07 %,14.15,5.62,1,$8.84,N/A,$7.47,$4.95,0,$2.17,15.00%,$0.00,1,$0.34,$0.30 /lb,$0.34,$0.00,$0.00,$0.00,$0.00,0,$0.00,4.6,496,N/A,"1.00, 1.00, 1.00 in, 1.15 lbs",1.00,1.00,1.00,1.15,N/A,Computer
"05/14/2025, 03:26 AM PDT","05/14/2025, 06:26 AM EDT","05/14/2025, 05:26 AM CDT","05/14/2025, 03:26 AM PDT",A La Maison Honeysuckle Lotion 5 fl oz (Pack Of 4),9959507333,732623672875,N/A,N/A,A La Maison,Health & Personal Care,Body Moisturizers,N/A,N/A,N/A,https://i5.walmartimages.com/seo/A-La-Maison-Honeysuckle-Lotion-5-fl-oz-Pack-Of-4_90a82d22-8a34-4f9d-9e3b-50947687e88b.4e1622c9153eb70778f7bab6d8585262.jpeg,,N/A,https://www.walmart.com/ip/9959507333,22.28,N/A,https://www.amazon.com/s?k=A%20La%20Maison%20Honeysuckle%20Lotion%205%20fl%20oz%20(Pack%20Of%204),https://www.ebay.com/sch/i.html?_nkw=A%20La%20Maison%20Honeysuckle%20Lotion%205%20fl%20oz%20(Pack%20Of%204),https://www.google.com/search?q=A%20La%20Maison%20Honeysuckle%20Lotion%205%20fl%20oz%20(Pack%20Of%204),https://seller.walmart.com/catalog/add-items?search=9959507333,N/A,no,no,no,1,0,1,3,UniversoBrands,mfn,$49.99,3,$49.99,$49.99,49.99,22.28,14.87,29.75 %,66.75 %,32.40,29.72,1,NA,N/A,$12.84,$4.95,0,$7.50,15.00%,$0.02,1,$0.37,$0.30 /lb,$0.37,$0.00,$0.00,$0.00,$0.00,0,$0.00,,0,"For better accuracy, we’ve used dimensions from B01LZVQ3DH to provide more precise estimates,3 or less sellers","7.91, 3.27, 1.81 in, 1.23 lbs",7.91,3.27,1.81,1.23,N/A,Computer
"05/14/2025, 03:28 AM PDT","05/14/2025, 06:28 AM EDT","05/14/2025, 05:28 AM CDT","05/14/2025, 03:28 AM PDT",A La Maison Oat Milk Bar Soap with Shea Butter and Argan Oil  - 4 Bars,27231562,817252010080,N/A,N/A,A La Maison,Health & Personal Care,Bath Soaps,N/A,N/A,SPRROL2374,https://i5.walmartimages.com/seo/A-La-Maison-Oat-Milk-Bar-Soap-with-Shea-Butter-and-Argan-Oil-4-Bars_08f0b09b-bc3c-4930-afdf-2c9a744687d0.3ac8c92704c4e8868efe776317bdf234.jpeg,,N/A,https://www.walmart.com/ip/27231562,5.93,https://www.amazon.com/dp/B005GXG7XU,https://www.amazon.com/s?k=A%20La%20Maison%20Oat%20Milk%20Bar%20Soap%20with%20Shea%20Butter%20and%20Argan%20Oil%20%20-%204%20Bars,https://www.ebay.com/sch/i.html?_nkw=A%20La%20Maison%20Oat%20Milk%20Bar%20Soap%20with%20Shea%20Butter%20and%20Argan%20Oil%20%20-%204%20Bars,https://www.google.com/search?q=A%20La%20Maison%20Oat%20Milk%20Bar%20Soap%20with%20Shea%20Butter%20and%20Argan%20Oil%20%20-%204%20Bars,https://seller.walmart.com/catalog/add-items?search=27231562,N/A,no,yes,no,2,0,2,48,iHerb,mfn,$13.04,47,$13.04,$16.98,13.04,5.93,-0.07,-0.51 %,-1.12 %,13.05,4.69,1,$6.44,N/A,$7.18,$4.95,0,$1.96,15.00%,$0.00,1,$0.27,$0.30 /lb,$0.27,$0.00,$0.00,$0.00,$0.00,0,$0.00,4.2,5,3 or less sellers,"1.00, 1.00, 1.00 in, 0.90 lbs",1.00,1.00,1.00,0.90,N/A,Computer
"05/14/2025, 10:15 AM PDT","05/14/2025, 01:15 PM EDT","05/14/2025, 12:15 PM CDT","05/14/2025, 10:15 AM PDT","A La Maison Bar Soap, Value Pack, Rosmery Mint- 4 ct",27229842,182741000980,N/A,N/A,A La Maison,Health & Personal Care,Bath Soaps,N/A,N/A,182741000980,https://i5.walmartimages.com/seo/A-La-Maison-Bar-Soap-Value-Pack-Rosmery-Mint-4-ct_1a24e175-856b-4997-ab43-0b30ac76a0b5.15b7fc71c4f499c11bd59caf225e2a5a.jpeg,,N/A,https://www.walmart.com/ip/27229842,5.93,https://www.amazon.com/dp/B005GWTUIU,https://www.amazon.com/s?k=A%20La%20Maison%20Bar%20Soap%2C%20Value%20Pack%2C%20Rosmery%20Mint-%204%20ct,https://www.ebay.com/sch/i.html?_nkw=A%20La%20Maison%20Bar%20Soap%2C%20Value%20Pack%2C%20Rosmery%20Mint-%204%20ct,https://www.google.com/search?q=A%20La%20Maison%20Bar%20Soap%2C%20Value%20Pack%2C%20Rosmery%20Mint-%204%20ct,https://seller.walmart.com/catalog/add-items?search=27229842,N/A,yes,no,no,3,0,3,1129,Online Grocery Outlet,mfn,$12.98,997,$12.98,$13.88,12.98,5.93,-0.12,-0.92 %,-2.00 %,13.05,4.65,1,$29.99,N/A,$7.17,$4.95,0,$1.95,15.00%,$0.01,1,$0.26,$0.30 /lb,$0.26,$0.00,$0.00,$0.00,$0.00,0,$0.00,4.6,8,3 or less sellers,"2.00, 3.00, 3.00 in, 0.88 lbs",2.00,3.00,3.00,0.88,N/A,Computer
"05/14/2025, 10:17 AM PDT","05/14/2025, 01:17 PM EDT","05/14/2025, 12:17 PM CDT","05/14/2025, 10:17 AM PDT","A La Maison Bar Soap, Coconut Charcoal, 8.8 Oz",345083001,256829052243,N/A,N/A,A La Maison,Health & Personal Care,Bath Soaps,N/A,N/A,N/A,https://i5.walmartimages.com/seo/A-La-Maison-Bar-Soap-Coconut-Charcoal-8-8-Oz_bba628be-1c46-4bc9-abe9-7197a8942008.90baefc6a73f2651c34c54762793a331.jpeg,,N/A,https://www.walmart.com/ip/345083001,4.3,N/A,https://www.amazon.com/s?k=A%20La%20Maison%20Bar%20Soap%2C%20Coconut%20Charcoal%2C%208.8%20Oz,https://www.ebay.com/sch/i.html?_nkw=A%20La%20Maison%20Bar%20Soap%2C%20Coconut%20Charcoal%2C%208.8%20Oz,https://www.google.com/search?q=A%20La%20Maison%20Bar%20Soap%2C%20Coconut%20Charcoal%2C%208.8%20Oz,https://seller.walmart.com/catalog/add-items?search=345083001,N/A,no,no,no,1,0,1,137,Pharma Frills,mfn,$11.00,137,$11.00,$11.00,11,4.3,5.05,45.91 %,117.44 %,5.70,7.48,1,NA,N/A,$1.65,$0.00,0,$1.65,15.00%,$0.00,1,$0.00,$0.30 /lb,$0.00,$0.00,$0.00,$0.00,$0.00,0,$0.00,,0,"For better accuracy, we’ve used dimensions from  to provide more precise estimates,3 or less sellers","0.00, 0.00, 0.00 in, 0.00 lbs",0.00,0.00,0.00,0.00,N/A,Computer
"05/14/2025, 10:23 AM PDT","05/14/2025, 01:23 PM EDT","05/14/2025, 12:23 PM CDT","05/14/2025, 10:23 AM PDT","A La Maison Coconut Creme Soap, 8.8 Ounce",117900652,787734792813,N/A,N/A,A La Maison,Health & Personal Care,Bath Soaps,N/A,N/A,01101,https://i5.walmartimages.com/seo/A-La-Maison-Coconut-Creme-Soap-8-8-Ounce_80f39f0c-f834-4d6c-86ab-16716199df2d.fce5b6ff2ab8a7aebb1eecf30cb99e82.jpeg,,N/A,https://www.walmart.com/ip/117900652,3.84,https://www.amazon.com/dp/B009K1FJN8,https://www.amazon.com/s?k=A%20La%20Maison%20Coconut%20Creme%20Soap%2C%208.8%20Ounce,https://www.ebay.com/sch/i.html?_nkw=A%20La%20Maison%20Coconut%20Creme%20Soap%2C%208.8%20Ounce,https://www.google.com/search?q=A%20La%20Maison%20Coconut%20Creme%20Soap%2C%208.8%20Ounce,https://seller.walmart.com/catalog/add-items?search=117900652,N/A,no,no,no,1,0,1,332,Pharma Frills,mfn,$9.58,332,$9.58,$9.58,9.58,3.84,0.35,3.67 %,9.15 %,9.10,3.35,1,$11.99,N/A,$5.39,$3.45,0,$0.77,8.00%,$0.01,1,$1.17,$0.30 /lb,$0.17,$0.00,$0.00,$0.00,$0.00,0,$0.00,,0,"Pulling package information from B009K1FJN8 via amazon.com,3 or less sellers","3.86, 2.56, 1.73 in, 0.55 lbs",3.86,2.56,1.73,0.55,N/A,Computer
"05/14/2025, 10:24 AM PDT","05/14/2025, 01:24 PM EDT","05/14/2025, 12:24 PM CDT","05/14/2025, 10:24 AM PDT",A La Maison - Traditional French Milled Bar Soap Fresh Sea Salt - 8.8 oz.,36626115,817252011247,N/A,N/A,A La Maison,Health & Personal Care,Bath Soaps,N/A,N/A,817252011247,https://i5.walmartimages.com/seo/A-LA-MAISON-Soap-Bar-Fresh-Sea-Salt-8-8OZ-Pack-of-1_9522e41d-cea9-4991-886e-000ce6f24300.224a50f91975ca77cbf61e287f83c382.jpeg,,N/A,https://www.walmart.com/ip/36626115,3.84,https://www.amazon.com/dp/B00HSM3P96,https://www.amazon.com/s?k=A%20La%20Maison%20-%20Traditional%20French%20Milled%20Bar%20Soap%20Fresh%20Sea%20Salt%20-%208.8%20oz.,https://www.ebay.com/sch/i.html?_nkw=A%20La%20Maison%20-%20Traditional%20French%20Milled%20Bar%20Soap%20Fresh%20Sea%20Salt%20-%208.8%20oz.,https://www.google.com/search?q=A%20La%20Maison%20-%20Traditional%20French%20Milled%20Bar%20Soap%20Fresh%20Sea%20Salt%20-%208.8%20oz.,https://seller.walmart.com/catalog/add-items?search=36626115,N/A,no,no,no,3,0,3,76,Greenbay Essentials Inc,mfn,$8.48,3,$8.48,$9.99,8.48,3.84,-0.68,-8.01 %,-17.69 %,9.15,2.53,1,OOS,500+ units sold this month on Amazon,$5.32,$3.45,0,$0.68,8.00%,$0.02,1,$1.17,$0.30 /lb,$0.17,$0.00,$0.00,$0.00,$0.00,0,$0.00,,0,3 or less sellers,"5.00, 3.95, 2.65 in, 0.56 lbs",5.00,3.95,2.65,0.56,N/A,Computer
"05/14/2025, 10:26 AM PDT","05/14/2025, 01:26 PM EDT","05/14/2025, 12:26 PM CDT","05/14/2025, 10:26 AM PDT",A La Maison - Traditional French Milled Bar Soap Oat Milk - 8.8 oz.,28789005,182741000546,N/A,N/A,A La Maison,Health & Personal Care,Bath Soaps,N/A,N/A,SPK-60246,https://i5.walmartimages.com/seo/A-LA-MAISON-French-Oat-Milk-Soap-Bar-8-8OZ-Pack-of-1_3f96648c-4746-4897-b2bd-7d006a659a71.0e7d7a3e30ffddecde069eabee9ca8f4.jpeg,,N/A,https://www.walmart.com/ip/28789005,3.84,https://www.amazon.com/dp/B005FADWV4,https://www.amazon.com/s?k=A%20La%20Maison%20-%20Traditional%20French%20Milled%20Bar%20Soap%20Oat%20Milk%20-%208.8%20oz.,https://www.ebay.com/sch/i.html?_nkw=A%20La%20Maison%20-%20Traditional%20French%20Milled%20Bar%20Soap%20Oat%20Milk%20-%208.8%20oz.,https://www.google.com/search?q=A%20La%20Maison%20-%20Traditional%20French%20Milled%20Bar%20Soap%20Oat%20Milk%20-%208.8%20oz.,https://seller.walmart.com/catalog/add-items?search=28789005,N/A,no,no,no,2,0,2,1314,Pharma Frills,mfn,$9.58,315,$9.58,$10.83,9.58,3.84,0.36,3.71 %,9.25 %,9.10,3.36,1,$33.95,N/A,$5.38,$3.45,0,$0.77,8.00%,$0.00,1,$1.17,$0.30 /lb,$0.17,$0.00,$0.00,$0.00,$0.00,0,$0.00,,0,3 or less sellers,"1.00, 1.00, 1.00 in, 0.56 lbs",1.00,1.00,1.00,0.56,N/A,Computer
"05/14/2025, 10:28 AM PDT","05/14/2025, 01:28 PM EDT","05/14/2025, 12:28 PM CDT","05/14/2025, 10:28 AM PDT","A La Maison Rose Lilac Bar Soap Moisturizing Shea Butter and Argan Oil, 8.8 Oz, 2 Pack",434453333,175409445667,N/A,N/A,A La Maison,Health & Personal Care,Bath Soaps,N/A,N/A,N/A,https://i5.walmartimages.com/seo/A-La-Maison-Rose-Lilac-Bar-Soap-Moisturizing-Shea-Butter-and-Argan-Oil-8-8-Oz-2-Pack_831bbcd2-a78b-47c5-91d0-d917f53d8ee0.200a3b87ff4d44bd70b6606f6033dd06.jpeg,,N/A,https://www.walmart.com/ip/434453333,7.68,N/A,https://www.amazon.com/s?k=A%20La%20Maison%20Rose%20Lilac%20Bar%20Soap%20Moisturizing%20Shea%20Butter%20and%20Argan%20Oil%2C%208.8%20Oz%2C%202%20Pack,https://www.ebay.com/sch/i.html?_nkw=A%20La%20Maison%20Rose%20Lilac%20Bar%20Soap%20Moisturizing%20Shea%20Butter%20and%20Argan%20Oil%2C%208.8%20Oz%2C%202%20Pack,https://www.google.com/search?q=A%20La%20Maison%20Rose%20Lilac%20Bar%20Soap%20Moisturizing%20Shea%20Butter%20and%20Argan%20Oil%2C%208.8%20Oz%2C%202%20Pack,https://seller.walmart.com/catalog/add-items?search=434453333,N/A,no,no,no,1,0,1,59,Pharma Frills,mfn,$18.22,59,$18.22,$18.22,18.22,7.68,7.81,42.85 %,101.65 %,9.35,12.39,1,NA,N/A,$2.73,$0.00,0,$2.73,15.00%,$0.00,1,$0.00,$0.30 /lb,$0.00,$0.00,$0.00,$0.00,$0.00,0,$0.00,,0,"For better accuracy, we’ve used dimensions from  to provide more precise estimates,3 or less sellers","0.00, 0.00, 0.00 in, 0.00 lbs",0.00,0.00,0.00,0.00,N/A,Computer
"05/14/2025, 10:29 AM PDT","05/14/2025, 01:29 PM EDT","05/14/2025, 12:29 PM CDT","05/14/2025, 10:29 AM PDT",MAISON BAR SP SWT ALMOND ( 1 X 8.8 OZ   ),25475148,182741000539,N/A,N/A,A La Maison,Health & Personal Care,Bath Soaps,N/A,N/A,0844654,https://i5.walmartimages.com/seo/A-La-Maison-Bar-So-ap-Sweet-Almond-8-8-oz-Bar-So-ap_311980bb-2609-411f-9e00-1acf7ac0e13a.4ceb7d2a0a09a07c8318f8e163e34216.jpeg,,N/A,https://www.walmart.com/ip/25475148,3.84,https://www.amazon.com/dp/B005FAI822,https://www.amazon.com/s?k=MAISON%20BAR%20SP%20SWT%20ALMOND%20(%201%20X%208.8%20OZ%20%20%20),https://www.ebay.com/sch/i.html?_nkw=MAISON%20BAR%20SP%20SWT%20ALMOND%20(%201%20X%208.8%20OZ%20%20%20),https://www.google.com/search?q=MAISON%20BAR%20SP%20SWT%20ALMOND%20(%201%20X%208.8%20OZ%20%20%20),https://seller.walmart.com/catalog/add-items?search=25475148,N/A,no,no,no,2,0,2,72,Oasis of Health_BlockChain,mfn,$9.49,70,$9.49,$28.86,9.49,3.84,0.43,4.55 %,11.23 %,8.95,3.42,1,OOS,N/A,$5.22,$3.45,0,$0.76,8.00%,$0.00,1,$1.01,$0.30 /lb,$0.01,$0.00,$0.00,$0.00,$0.00,0,$0.00,1,1,3 or less sellers,"1.00, 1.00, 1.00 in, 0.03 lbs",1.00,1.00,1.00,0.03,N/A,Computer
"05/14/2025, 10:31 AM PDT","05/14/2025, 01:31 PM EDT","05/14/2025, 12:31 PM CDT","05/14/2025, 10:31 AM PDT","Extra Fancy California Dried Apricots, (12.5 Pounds)",173153614,618645900342,N/A,N/A,Nassau Candy,Grocery,Dried Fruits,N/A,N/A,N/A,https://i5.walmartimages.com/seo/Extra-Fancy-California-Dried-Apricots-12-5-Pounds_1bf75535-d0b2-4943-9b8c-5177ba01997a.76b4abdfe25a71da05c493f7f264d33b.jpeg,,N/A,https://www.walmart.com/ip/173153614,125,N/A,https://www.amazon.com/s?k=Extra%20Fancy%20California%20Dried%20Apricots%2C%20(12.5%20Pounds),https://www.ebay.com/sch/i.html?_nkw=Extra%20Fancy%20California%20Dried%20Apricots%2C%20(12.5%20Pounds),https://www.google.com/search?q=Extra%20Fancy%20California%20Dried%20Apricots%2C%20(12.5%20Pounds),https://seller.walmart.com/catalog/add-items?search=173153614,N/A,no,no,no,2,0,2,8,Hawaiian Lake,mfn,$150.00,5,$150.00,$151.00,150,125,2.5,1.67 %,2.00 %,146.95,102.00,1,NA,N/A,$22.50,$0.00,0,$22.50,15.00%,$0.00,1,$0.00,$0.30 /lb,$0.00,$0.00,$0.00,$0.00,$0.00,0,$0.00,,0,"For better accuracy, we’ve used dimensions from  to provide more precise estimates,3 or less sellers","0.00, 0.00, 0.00 in, 0.00 lbs",0.00,0.00,0.00,0.00,N/A,Computer
"05/15/2025, 12:02 AM PDT","05/15/2025, 03:02 AM EDT","05/15/2025, 02:02 AM CDT","05/15/2025, 12:02 AM PDT",A' Siciliana Sicilian Blood Orange Soda 24 Pack 11.5 Fl Oz Cans Blood Orange Soda 11.5 Fl Oz (Pack of 24),1063123131,812689020794,Blood Orange Soda,2,A' Siciliana,Grocery,Soda Pop,N/A,N/A,N/A,https://i5.walmartimages.com/seo/A-Siciliana-Sicilian-Sparkling-Beverage-Refreshing-Delicious-Italian-Soda-made-Sicilian-Citrus-Authentic-Imported-Italian-Beverage-Blood-Orange-Soda_17026f37-66b8-4496-9783-bc36b9e23daa.4e94be85939b1a5724b4622f26938d53.png,,N/A,https://www.walmart.com/ip/1063123131,29.28,https://www.amazon.com/dp/B08C4MP6L7,https://www.amazon.com/s?k=A'%20Siciliana%20Sicilian%20Blood%20Orange%20Soda%2024%20Pack%2011.5%20Fl%20Oz%20Cans%20Blood%20Orange%20Soda%2011.5%20Fl%20Oz%20(Pack%20of%2024),https://www.ebay.com/sch/i.html?_nkw=A'%20Siciliana%20Sicilian%20Blood%20Orange%20Soda%2024%20Pack%2011.5%20Fl%20Oz%20Cans%20Blood%20Orange%20Soda%2011.5%20Fl%20Oz%20(Pack%20of%2024),https://www.google.com/search?q=A'%20Siciliana%20Sicilian%20Blood%20Orange%20Soda%2024%20Pack%2011.5%20Fl%20Oz%20Cans%20Blood%20Orange%20Soda%2011.5%20Fl%20Oz%20(Pack%20of%2024),https://seller.walmart.com/catalog/add-items?search=1063123131,N/A,no,no,no,0,0,0,0,N/A,N/A,0,,,Price,57,29.28,0.92,1.62 %,3.15 %,55.80,24.16,1,$54.38,200+ units sold this month on Amazon,$26.80,$12.15,0,$8.55,15.00%,$0.36,1,$5.74,$0.30 /lb,$5.74,$0.00,$0.00,$0.00,$0.00,0,$0.00,,0,"The listing has 2 variations,Pulling package information from B08C4MP6L7 via amazon.com,3 or less sellers","14.69, 9.53, 5.87 in, 19.14 lbs",14.69,9.53,5.87,19.14,N/A,Computer
"05/15/2025, 12:07 AM PDT","05/15/2025, 03:07 AM EDT","05/15/2025, 02:07 AM CDT","05/15/2025, 12:07 AM PDT",Absolutely Gluten Free Toasted Onion Crackers Pack of 3,440337280,73490163739,N/A,N/A,ABSOLUTELY GLUTEN FREE,Grocery,Snack Crackers,N/A,N/A,N/A,https://i5.walmartimages.com/seo/Absolutely-Gluten-Free-Toasted-Onion-Crackers-Pack-of-3_cda577be-255b-4f08-a645-a7412c13e3b7.e65d89dc799684690c772debb5acb2c5.jpeg,,N/A,https://www.walmart.com/ip/440337280,10.8,N/A,https://www.amazon.com/s?k=Absolutely%20Gluten%20Free%20Toasted%20Onion%20Crackers%20Pack%20of%203,https://www.ebay.com/sch/i.html?_nkw=Absolutely%20Gluten%20Free%20Toasted%20Onion%20Crackers%20Pack%20of%203,https://www.google.com/search?q=Absolutely%20Gluten%20Free%20Toasted%20Onion%20Crackers%20Pack%20of%203,https://seller.walmart.com/catalog/add-items?search=440337280,N/A,no,no,no,1,1,0,1,Gourmet on the way LLC,wfs,$18.99,1,$18.99,$18.99,18.99,10.8,-0.67,-3.55 %,-6.25 %,19.70,8.10,1,NA,N/A,$8.86,$5.45,0,$2.85,15.00%,$0.14,1,$0.43,$0.30 /lb,$0.43,$0.00,$0.00,$0.00,$0.00,0,$0.00,,0,"For better accuracy, we’ve used dimensions from B0087R7IXA to provide more precise estimates,3 or less sellers","7.95, 7.83, 5.08 in, 1.43 lbs",7.95,7.83,5.08,1.43,N/A,Computer
"05/15/2025, 12:09 AM PDT","05/15/2025, 03:09 AM EDT","05/15/2025, 02:09 AM CDT","05/15/2025, 12:09 AM PDT",Absolutely Gluten Free Crackers Original 4.4 oz,34799634,73490180040,N/A,N/A,ABSOLUTELY GLUTEN FREE,Grocery,Snack Crackers,Absolutely Gluten Free,N/A,107973-30949,https://i5.walmartimages.com/seo/Absolutely-Gluten-Free-Crackers-Original-4-4-oz_14e2f242-833b-466a-bdce-606336fe3956_1.106b849321e61fefc54bff2c24955a0b.jpeg,,N/A,https://www.walmart.com/ip/34799634,3.6,https://www.amazon.com/dp/B0078DQ3DU,https://www.amazon.com/s?k=Absolutely%20Gluten%20Free%20Crackers%20Original%204.4%20oz,https://www.ebay.com/sch/i.html?_nkw=Absolutely%20Gluten%20Free%20Crackers%20Original%204.4%20oz,https://www.google.com/search?q=Absolutely%20Gluten%20Free%20Crackers%20Original%204.4%20oz,https://seller.walmart.com/catalog/add-items?search=34799634,N/A,no,no,no,3,1,2,10011,Third Eye Market,wfs,$11.43,9,$11.43,$12.94,11.43,3.6,3.32,29.08 %,92.33 %,8.80,5.54,1,$8.72,2k+ units sold this month on Amazon,$4.51,$3.45,0,$0.91,8.00%,$0.04,1,$0.10,$0.30 /lb,$0.10,$0.00,$0.00,$0.00,$0.00,0,$0.00,3.7,3,"Pulling package information from B0078DQ3DU via amazon.com,3 or less sellers","7.24, 4.57, 2.56 in, 0.35 lbs",7.24,4.57,2.56,0.35,N/A,Computer
"05/15/2025, 12:10 AM PDT","05/15/2025, 03:10 AM EDT","05/15/2025, 02:10 AM CDT","05/15/2025, 12:10 AM PDT",Absolutely Gluten Free All Natural Crackers Cracked Pepper 4.4 oz,38454515,73490180064,N/A,N/A,ABSOLUTELY GLUTEN FREE,Grocery,Snack Crackers,Absolutely Gluten Free,N/A,1079797,https://i5.walmartimages.com/seo/Absolutely-Gluten-Free-All-Natural-Crackers-Cracked-Pepper-4-4-oz_8afc8bed-fa7a-4eb6-96b4-8cfaa131fa7e.64dcd33ed45ea41faf6f648a5d6fcdb7.jpeg,,N/A,https://www.walmart.com/ip/38454515,3.6,https://www.amazon.com/dp/B0078DQGDM,https://www.amazon.com/s?k=Absolutely%20Gluten%20Free%20All%20Natural%20Crackers%20Cracked%20Pepper%204.4%20oz,https://www.ebay.com/sch/i.html?_nkw=Absolutely%20Gluten%20Free%20All%20Natural%20Crackers%20Cracked%20Pepper%204.4%20oz,https://www.google.com/search?q=Absolutely%20Gluten%20Free%20All%20Natural%20Crackers%20Cracked%20Pepper%204.4%20oz,https://seller.walmart.com/catalog/add-items?search=38454515,N/A,no,no,no,1,1,0,5,Third Eye Market,wfs,$9.95,5,$9.95,$9.95,9.95,3.6,0.96,9.68 %,26.76 %,8.80,3.65,1,$7.87,N/A,$5.39,$3.45,0,$0.80,8.00%,$0.04,1,$1.10,$0.30 /lb,$0.10,$0.00,$0.00,$0.00,$0.00,0,$0.00,1,1,"Pulling package information from B0078DQGDM via amazon.com,3 or less sellers","7.17, 4.76, 2.40 in, 0.35 lbs",7.17,4.76,2.40,0.35,N/A,Computer
"05/15/2025, 12:11 AM PDT","05/15/2025, 03:11 AM EDT","05/15/2025, 02:11 AM CDT","05/15/2025, 12:11 AM PDT",ABSOLUTELY GLUT - Gluten Free Flatbread - Toasted Onion 5.29OZ ( Pack of 12),37753007,73490180026,N/A,N/A,ABSOLUTELY GLUTEN FREE,Grocery,Snack Crackers,KeHe Distributors,N/A,1079870,https://i5.walmartimages.com/seo/ABSOLUTELY-GLUT-Gluten-Free-Flatbread-Toasted-Onion-5-29OZ-Pack-of-12_7e8f3bcf-6bc1-4690-9d6a-1d4c18c7c7a1.44ca3eadb109cedb911bd8fde15f18b7.jpeg,,N/A,https://www.walmart.com/ip/37753007,43.2,https://www.amazon.com/dp/B0078DQ358,https://www.amazon.com/s?k=ABSOLUTELY%20GLUT%20-%20Gluten%20Free%20Flatbread%20-%20Toasted%20Onion%205.29OZ%20(%20Pack%20of%2012),https://www.ebay.com/sch/i.html?_nkw=ABSOLUTELY%20GLUT%20-%20Gluten%20Free%20Flatbread%20-%20Toasted%20Onion%205.29OZ%20(%20Pack%20of%2012),https://www.google.com/search?q=ABSOLUTELY%20GLUT%20-%20Gluten%20Free%20Flatbread%20-%20Toasted%20Onion%205.29OZ%20(%20Pack%20of%2012),https://seller.walmart.com/catalog/add-items?search=37753007,N/A,no,no,no,0,0,0,0,N/A,N/A,0,,,Price,73.22,43.2,15.42,21.06 %,35.69 %,55.00,46.90,1,$11.32,N/A,$14.60,$3.45,0,$10.98,15.00%,$0.03,1,$0.14,$0.30 /lb,$0.14,$0.00,$0.00,$0.00,$0.00,0,$0.00,,0,"Pulling package information from B0078DQ358 via amazon.com,3 or less sellers","6.10, 5.00, 2.48 in, 0.45 lbs",6.10,5.00,2.48,0.45,N/A,Computer
"05/15/2025, 12:12 AM PDT","05/15/2025, 03:12 AM EDT","05/15/2025, 02:12 AM CDT","05/15/2025, 12:12 AM PDT","Absolutely Gluten Free Flatbread Everything, 5.29 Oz",36326862,73490180033,N/A,N/A,ABSOLUTELY GLUTEN FREE,Grocery,Snack Crackers,Kenover Marketing Corp.,N/A,KTS-2426,https://i5.walmartimages.com/seo/Absolutely-Gluten-Free-Flatbread-Everything-5-29-Oz_65674deb-73c6-4969-88d8-7c8026d4a8a6.e548070a416b85f56ee6499b901f7eb6.jpeg,,N/A,https://www.walmart.com/ip/36326862,3.6,https://www.amazon.com/dp/B00DY5YIQU,https://www.amazon.com/s?k=Absolutely%20Gluten%20Free%20Flatbread%20Everything%2C%205.29%20Oz,https://www.ebay.com/sch/i.html?_nkw=Absolutely%20Gluten%20Free%20Flatbread%20Everything%2C%205.29%20Oz,https://www.google.com/search?q=Absolutely%20Gluten%20Free%20Flatbread%20Everything%2C%205.29%20Oz,https://seller.walmart.com/catalog/add-items?search=36326862,N/A,no,no,no,1,0,1,1,Amazing Universe,mfn,$13.85,1,$13.85,$13.85,13.85,3.6,5.56,40.13 %,154.38 %,8.80,7.33,1,$8.79,800+ units sold this month on Amazon,$4.69,$3.45,0,$1.11,8.00%,$0.03,1,$0.10,$0.30 /lb,$0.10,$0.00,$0.00,$0.00,$0.00,0,$0.00,4,3,"Pulling package information from B00DY5YIQU via amazon.com,3 or less sellers","6.30, 4.88, 2.20 in, 0.35 lbs",6.30,4.88,2.20,0.35,N/A,Computer
"05/15/2025, 12:20 AM PDT","05/15/2025, 03:20 AM EDT","05/15/2025, 02:20 AM CDT","05/15/2025, 12:20 AM PDT","Foreign Candy Aftershocks Blue Raspberry Popping Candy Minis, 0.33 Ounce Packs - 24 Count Display Box",15157563368,610260094529,N/A,N/A,Generic,Grocery,Fruit Flavored Candy,N/A,N/A,N/A,https://i5.walmartimages.com/seo/Foreign-Candy-Aftershocks-Blue-Raspberry-Popping-Candy-Minis-0-33-Ounce-Packs-24-Count-Display-Box_a83893a2-026a-4f61-99dc-a6f7c900d5bc.01e2c66fee53754bc7a9ffd86a60a18f.jpeg,,N/A,https://www.walmart.com/ip/15157563368,22.8,N/A,https://www.amazon.com/s?k=Foreign%20Candy%20Aftershocks%20Blue%20Raspberry%20Popping%20Candy%20Minis%2C%200.33%20Ounce%20Packs%20-%2024%20Count%20Display%20Box,https://www.ebay.com/sch/i.html?_nkw=Foreign%20Candy%20Aftershocks%20Blue%20Raspberry%20Popping%20Candy%20Minis%2C%200.33%20Ounce%20Packs%20-%2024%20Count%20Display%20Box,https://www.google.com/search?q=Foreign%20Candy%20Aftershocks%20Blue%20Raspberry%20Popping%20Candy%20Minis%2C%200.33%20Ounce%20Packs%20-%2024%20Count%20Display%20Box,https://seller.walmart.com/catalog/add-items?search=15157563368,N/A,no,no,no,1,0,1,10,MnM LLC,mfn,$35.99,10,$35.99,$35.99,35.99,22.8,7.79,21.65 %,34.17 %,26.75,24.47,1,NA,N/A,$5.40,$0.00,0,$5.40,15.00%,$0.00,1,$0.00,$0.30 /lb,$0.00,$0.00,$0.00,$0.00,$0.00,0,$0.00,,0,"For better accuracy, we’ve used dimensions from  to provide more precise estimates,3 or less sellers","0.00, 0.00, 0.00 in, 0.00 lbs",0.00,0.00,0.00,0.00,N/A,Computer
"05/15/2025, 12:24 AM PDT","05/15/2025, 03:24 AM EDT","05/15/2025, 02:24 AM CDT","05/15/2025, 12:24 AM PDT","Foreign Candy Aftershocks Cotton Candy Popping Candy Minis, 0.33 Ounce Packs - 24 Count Display Box",15139708004,610260024892,N/A,N/A,Foreign Candy Company,Grocery,Licorice Candy,N/A,N/A,N/A,https://i5.walmartimages.com/seo/Foreign-Candy-Aftershocks-Cotton-Candy-Popping-Candy-Minis-0-33-Ounce-Packs-24-Count-Display-Box_207ad894-46b9-4144-8891-5273f090cde4.2ff5e7f6dff55aba9df3c1a9d2bd354b.jpeg,,N/A,https://www.walmart.com/ip/15139708004,22.8,N/A,https://www.amazon.com/s?k=Foreign%20Candy%20Aftershocks%20Cotton%20Candy%20Popping%20Candy%20Minis%2C%200.33%20Ounce%20Packs%20-%2024%20Count%20Display%20Box,https://www.ebay.com/sch/i.html?_nkw=Foreign%20Candy%20Aftershocks%20Cotton%20Candy%20Popping%20Candy%20Minis%2C%200.33%20Ounce%20Packs%20-%2024%20Count%20Display%20Box,https://www.google.com/search?q=Foreign%20Candy%20Aftershocks%20Cotton%20Candy%20Popping%20Candy%20Minis%2C%200.33%20Ounce%20Packs%20-%2024%20Count%20Display%20Box,https://seller.walmart.com/catalog/add-items?search=15139708004,N/A,no,no,no,1,0,1,10,MnM LLC,mfn,$34.99,10,$34.99,$34.99,34.99,22.8,3.28,9.38 %,14.40 %,31.05,20.87,1,NA,N/A,$8.91,$3.45,0,$5.25,15.00%,$0.04,1,$0.17,$0.30 /lb,$0.17,$0.00,$0.00,$0.00,$0.00,0,$0.00,,0,"For better accuracy, we’ve used dimensions from B09MDQ8G5R to provide more precise estimates,3 or less sellers","5.91, 4.69, 3.11 in, 0.57 lbs",5.91,4.69,3.11,0.57,N/A,Computer
"05/15/2025, 12:25 AM PDT","05/15/2025, 03:25 AM EDT","05/15/2025, 02:25 AM CDT","05/15/2025, 12:25 AM PDT",AfterShocks Popping Candy - Grape - 24 Ct.,1961699737,48014347599,.33 Ounce Bag,1,KLM Products Group,Grocery,Hard Candy,N/A,N/A,N/A,https://i5.walmartimages.com/seo/AfterShocks-Popping-Candy-Grape-24-Ct_10cbcd87-3f02-407f-9b2a-93c1ce0c8848.262a1695b8c3edf80238431bd8784421.png,,N/A,https://www.walmart.com/ip/1961699737,22.8,https://www.amazon.com/dp/B09MDNTGBJ,https://www.amazon.com/s?k=AfterShocks%20Popping%20Candy%20-%20Grape%20-%2024%20Ct.,https://www.ebay.com/sch/i.html?_nkw=AfterShocks%20Popping%20Candy%20-%20Grape%20-%2024%20Ct.,https://www.google.com/search?q=AfterShocks%20Popping%20Candy%20-%20Grape%20-%2024%20Ct.,https://seller.walmart.com/catalog/add-items?search=1961699737,N/A,no,no,no,4,0,4,936,Valyou General,mfn,$34.93,25,$34.92,$41.99,34.93,22.8,3.2,9.15 %,14.01 %,31.10,20.80,1,$41.99,N/A,$8.93,$3.45,0,$5.24,15.00%,$0.04,1,$0.21,$0.30 /lb,$0.21,$0.00,$0.00,$0.00,$0.00,0,$0.00,,0,Pulling package information from B09MDNTGBJ via amazon.com,"5.91, 4.76, 3.15 in, 0.69 lbs",5.91,4.76,3.15,0.69,N/A,Computer
"05/15/2025, 12:33 AM PDT","05/15/2025, 03:33 AM EDT","05/15/2025, 02:33 AM CDT","05/15/2025, 12:33 AM PDT","Airborne Honey Multifloral Manuka Honey 50+, Raw & Unfiltered, New Zealand, 17.6 oz",5541065742,0,N/A,N/A,Airborne Honey,Grocery,Honey,N/A,N/A,N/A,https://i5.walmartimages.com/seo/Airborne-Honey-Multifloral-Manuka-Honey-50-Raw-Unfiltered-New-Zealand-17-6-oz_c7855033-5429-42d8-af65-cd37cd15d112.35f193de160d42e1933fda4a7c860e4f.png,,N/A,https://www.walmart.com/ip/5541065742,12.59,https://www.amazon.com/dp/undefined,https://www.amazon.com/s?k=Airborne%20Honey%20Multifloral%20Manuka%20Honey%2050%2B%2C%20Raw%20%26%20Unfiltered%2C%20New%20Zealand%2C%2017.6%20oz,https://www.ebay.com/sch/i.html?_nkw=Airborne%20Honey%20Multifloral%20Manuka%20Honey%2050%2B%2C%20Raw%20%26%20Unfiltered%2C%20New%20Zealand%2C%2017.6%20oz,https://www.google.com/search?q=Airborne%20Honey%20Multifloral%20Manuka%20Honey%2050%2B%2C%20Raw%20%26%20Unfiltered%2C%20New%20Zealand%2C%2017.6%20oz,https://seller.walmart.com/catalog/add-items?search=5541065742,N/A,no,no,no,1,0,1,35,Airborne Honey,mfn,$22.79,35,$22.79,$22.79,22.79,12.59,6.78,29.76 %,53.86 %,13.60,15.50,1,,N/A,$3.42,$0.00,0,$3.42,15.00%,$0.00,1,$0.00,$0.30 /lb,$0.00,$0.00,$0.00,$0.00,$0.00,0,$0.00,,0,"For better accuracy, we’ve used dimensions from  to provide more precise estimates,3 or less sellers","0.00, 0.00, 0.00 in, 0.00 lbs",0.00,0.00,0.00,0.00,N/A,Computer
"05/15/2025, 12:35 AM PDT","05/15/2025, 03:35 AM EDT","05/15/2025, 02:35 AM CDT","05/15/2025, 12:35 AM PDT","Airheads Blue Raspberry Bar, 36 Count",30494274,73390002206,N/A,N/A,AirHeads,Grocery,Candy Bars & Miniatures,N/A,N/A,1002256077,https://i5.walmartimages.com/seo/Airheads-Blue-Raspberry-Bar-36-Count_569faaf8-c77d-46e4-8359-54531f9aff99.f0b70f93fcd4755a8afb1ca356fc2ad6.jpeg,,N/A,https://www.walmart.com/ip/30494274,9.36,https://www.amazon.com/dp/B01LDAGEOG,https://www.amazon.com/s?k=Airheads%20Blue%20Raspberry%20Bar%2C%2036%20Count,https://www.ebay.com/sch/i.html?_nkw=Airheads%20Blue%20Raspberry%20Bar%2C%2036%20Count,https://www.google.com/search?q=Airheads%20Blue%20Raspberry%20Bar%2C%2036%20Count,https://seller.walmart.com/catalog/add-items?search=30494274,N/A,yes,no,no,3,0,3,13,Valyou General,mfn,$21.29,2,$20.00,$23.98,20,9.36,4.11,20.57 %,43.96 %,13.90,10.78,1,$12.71,N/A,$6.53,$3.45,0,$3.00,15.00%,$0.00,1,$0.07,$0.30 /lb,$0.07,$0.00,$0.00,$0.00,$0.00,0,$0.00,,0,"Pulling package information from B01LDAGEOG via amazon.com,3 or less sellers","5.98, 2.01, 0.04 in, 0.25 lbs",5.98,2.01,0.04,0.25,N/A,Computer
"05/15/2025, 12:38 AM PDT","05/15/2025, 03:38 AM EDT","05/15/2025, 02:38 AM CDT","05/15/2025, 12:38 AM PDT","Airheads Candy Individually Wrapped Bars, Watermelon, 0.55 Ounce (Pack of 36)",30358942,73390002039,N/A,N/A,N/AW,Grocery,Fruit Flavored Candy,N/A,N/A,073390002039,https://i5.walmartimages.com/seo/Airheads-Candy-Individually-Wrapped-Bars-Watermelon-0-55-Ounce-Pack-of-36_c74bb46a-0d22-43b3-81af-f82c09fc6797.407fcb0fc1ea106012198cd0e5bb7b2d.jpeg,,N/A,https://www.walmart.com/ip/30358942,9.36,https://www.amazon.com/dp/B000FD42HE,https://www.amazon.com/s?k=Airheads%20Candy%20Individually%20Wrapped%20Bars%2C%20Watermelon%2C%200.55%20Ounce%20(Pack%20of%2036),https://www.ebay.com/sch/i.html?_nkw=Airheads%20Candy%20Individually%20Wrapped%20Bars%2C%20Watermelon%2C%200.55%20Ounce%20(Pack%20of%2036),https://www.google.com/search?q=Airheads%20Candy%20Individually%20Wrapped%20Bars%2C%20Watermelon%2C%200.55%20Ounce%20(Pack%20of%2036),https://seller.walmart.com/catalog/add-items?search=30358942,N/A,no,yes,no,5,0,5,240,DropAir,mfn,$13.88,30,$13.83,$21.29,13.88,9.36,-0.05,-0.38 %,-0.57 %,13.85,7.45,1,$14.99,N/A,$4.57,$3.45,0,$1.11,8.00%,$0.00,1,$0.01,$0.30 /lb,$0.01,$0.00,$0.00,$0.00,$0.00,0,$0.00,,0,Pulling package information from B000FD42HE via amazon.com,"5.59, 1.38, 0.28 in, 0.04 lbs",5.59,1.38,0.28,0.04,N/A,Computer
"05/15/2025, 12:41 AM PDT","05/15/2025, 03:41 AM EDT","05/15/2025, 02:41 AM CDT","05/15/2025, 12:41 AM PDT","Airheads Xtremes Bites Candy, Rainbow Berry, 6 oz Bag",40764330,73390008185,N/A,N/A,AirHeads,Grocery,Sour Candy,N/A,N/A,MCLANE500711556,https://i5.walmartimages.com/seo/Airheads-Xtremes-Bites-Candy-Rainbow-Berry-6-oz-Bag_71c962b4-fd31-4a05-80bb-b5a43b6d6359.310cc33b0f821f1fdef5a14d16995009.jpeg,,N/A,https://www.walmart.com/ip/40764330,2.27,https://www.amazon.com/dp/B00GRAOAGW,https://www.amazon.com/s?k=Airheads%20Xtremes%20Bites%20Candy%2C%20Rainbow%20Berry%2C%206%20oz%20Bag,https://www.ebay.com/sch/i.html?_nkw=Airheads%20Xtremes%20Bites%20Candy%2C%20Rainbow%20Berry%2C%206%20oz%20Bag,https://www.google.com/search?q=Airheads%20Xtremes%20Bites%20Candy%2C%20Rainbow%20Berry%2C%206%20oz%20Bag,https://seller.walmart.com/catalog/add-items?search=40764330,N/A,no,yes,no,4,0,4,1683,Shop The King,mfn,$8.06,755,$8.05,$9.99,8.06,2.27,0.55,6.80 %,24.15 %,7.40,2.25,1,$4.60,300+ units sold this month on Amazon,$5.24,$3.45,0,$0.64,8.00%,$0.03,1,$1.12,$0.30 /lb,$0.12,$0.00,$0.00,$0.00,$0.00,0,$0.00,5,1,Pulling package information from B00GRAOAGW via amazon.com,"7.99, 5.31, 1.46 in, 0.40 lbs",7.99,5.31,1.46,0.40,N/A,Computer
"05/15/2025, 12:44 AM PDT","05/15/2025, 03:44 AM EDT","05/15/2025, 02:44 AM CDT","05/15/2025, 12:44 AM PDT",Air Heads Xtremes Sweetly Sour Candy Rainbow Berry,35009422,73390008383,N/A,N/A,AirHeads,Grocery,Chewy Candy,N/A,N/A,MCLANE500664367,https://i5.walmartimages.com/seo/Air-Heads-Xtremes-Sweetly-Sour-Candy-Rainbow-Berry_c364f704-c0d7-4427-ae74-f22dda059571.7771b4c15487fd13162cff8ba97f7b9a.jpeg,,N/A,https://www.walmart.com/ip/35009422,1.32,https://www.amazon.com/dp/B001CEFBV6,https://www.amazon.com/s?k=Air%20Heads%20Xtremes%20Sweetly%20Sour%20Candy%20Rainbow%20Berry,https://www.ebay.com/sch/i.html?_nkw=Air%20Heads%20Xtremes%20Sweetly%20Sour%20Candy%20Rainbow%20Berry,https://www.google.com/search?q=Air%20Heads%20Xtremes%20Sweetly%20Sour%20Candy%20Rainbow%20Berry,https://seller.walmart.com/catalog/add-items?search=35009422,N/A,no,no,no,0,0,0,0,N/A,N/A,0,,,Price,5.95,1.32,-0.34,-5.68 %,-25.62 %,6.25,0.79,1,$28.24,N/A,$4.97,$3.45,0,$0.48,8.00%,$0.00,1,$1.04,$0.30 /lb,$0.04,$0.00,$0.00,$0.00,$0.00,0,$0.00,4.8,641,"Walmart.com is on the listing,Pulling package information from B001CEFBV6 via amazon.com,3 or less sellers","6.30, 2.95, 0.39 in, 0.13 lbs",6.30,2.95,0.39,0.13,N/A,Computer
"05/15/2025, 12:49 AM PDT","05/15/2025, 03:49 AM EDT","05/15/2025, 02:49 AM CDT","05/15/2025, 12:49 AM PDT","Airheads Candy Bites, Paradise Blends, 6 oz Bag",533134561,73390010980,N/A,N/A,AirHeads,Grocery,Fruit Flavored Candy,N/A,N/A,073390010980,https://i5.walmartimages.com/seo/Airheads-Candy-Bites-Paradise-Blends-6-oz-Bag_848ae3f9-f25e-4240-90bc-b74944952f6f.4d67a150a7fdac5b130bdddfb51a9927.jpeg,,N/A,https://www.walmart.com/ip/533134561,2.17,https://www.amazon.com/dp/B08VSKGJGW,https://www.amazon.com/s?k=Airheads%20Candy%20Bites%2C%20Paradise%20Blends%2C%206%20oz%20Bag,https://www.ebay.com/sch/i.html?_nkw=Airheads%20Candy%20Bites%2C%20Paradise%20Blends%2C%206%20oz%20Bag,https://www.google.com/search?q=Airheads%20Candy%20Bites%2C%20Paradise%20Blends%2C%206%20oz%20Bag,https://seller.walmart.com/catalog/add-items?search=533134561,N/A,no,no,no,2,0,2,10,BOOKSANDPENS,mfn,$9.99,5,$9.98,$9.99,9.99,2.17,2.42,24.24 %,111.57 %,7.25,3.67,1,$7.68,50+ units sold this month on Amazon,$5.40,$3.45,0,$0.80,8.00%,$0.04,1,$1.11,$0.30 /lb,$0.11,$0.00,$0.00,$0.00,$0.00,0,$0.00,1,1,"Pulling package information from B08VSKGJGW via amazon.com,3 or less sellers","10.31, 6.26, 1.38 in, 0.37 lbs",10.31,6.26,1.38,0.37,N/A,Computer
"05/15/2025, 12:50 AM PDT","05/15/2025, 03:50 AM EDT","05/15/2025, 02:50 AM CDT","05/15/2025, 12:50 AM PDT",Airheads Fruit Flavored Filled Ropes,106435193,73390014841,N/A,N/A,AirHeads,Grocery,Gummy Candy,N/A,N/A,N/A,https://i5.walmartimages.com/seo/Airheads-Fruit-Flavored-Filled-Ropes-2-oz_b7403d2c-8f54-4636-baba-e8998cf3be8b.7015f6639ad164c10af0cae7476b3478.jpeg,,N/A,https://www.walmart.com/ip/106435193,1.24,https://www.amazon.com/dp/B0BV2JTFHZ,https://www.amazon.com/s?k=Airheads%20Fruit%20Flavored%20Filled%20Ropes,https://www.ebay.com/sch/i.html?_nkw=Airheads%20Fruit%20Flavored%20Filled%20Ropes,https://www.google.com/search?q=Airheads%20Fruit%20Flavored%20Filled%20Ropes,https://seller.walmart.com/catalog/add-items?search=106435193,N/A,no,no,no,1,0,1,148,Valyou General,mfn,$9.20,148,$9.20,$9.20,9.2,1.24,2.74,29.77 %,220.87 %,6.15,3.18,1,OOS,N/A,$5.22,$3.45,0,$0.74,8.00%,$0.00,1,$1.03,$0.30 /lb,$0.03,$0.00,$0.00,$0.00,$0.00,0,$0.00,,0,"Pulling package information from B0BV2JTFHZ via amazon.com,3 or less sellers","6.73, 3.19, 0.24 in, 0.11 lbs",6.73,3.19,0.24,0.11,N/A,Computer
"05/15/2025, 12:51 AM PDT","05/15/2025, 03:51 AM EDT","05/15/2025, 02:51 AM CDT","05/15/2025, 12:51 AM PDT",Airheads Filled Ropes Candy Fruit 5 Oz [12-Bags],1599400980,73390672720,N/A,N/A,AirHeads,Grocery,Chewy Candy,N/A,N/A,N/A,https://i5.walmartimages.com/seo/Airheads-Filled-Ropes-Candy-Fruit-5-Oz-12-Bags_23670891-ff30-4ca0-bd8f-be3cbfd87424.f4f8c1e822e124de92ef2de2871e2801.jpeg,,N/A,https://www.walmart.com/ip/1599400980,27.24,N/A,https://www.amazon.com/s?k=Airheads%20Filled%20Ropes%20Candy%20Fruit%205%20Oz%20%5B12-Bags%5D,https://www.ebay.com/sch/i.html?_nkw=Airheads%20Filled%20Ropes%20Candy%20Fruit%205%20Oz%20%5B12-Bags%5D,https://www.google.com/search?q=Airheads%20Filled%20Ropes%20Candy%20Fruit%205%20Oz%20%5B12-Bags%5D,https://seller.walmart.com/catalog/add-items?search=1599400980,N/A,no,no,no,3,0,3,16,AJ Candy & More,mfn,$35.99,5,$35.99,$42.80,35.99,27.24,3.35,9.31 %,12.30 %,31.95,24.47,1,NA,N/A,$5.40,$0.00,0,$5.40,15.00%,$0.00,1,$0.00,$0.30 /lb,$0.00,$0.00,$0.00,$0.00,$0.00,0,$0.00,,0,"For better accuracy, we’ve used dimensions from  to provide more precise estimates,3 or less sellers","0.00, 0.00, 0.00 in, 0.00 lbs",0.00,0.00,0.00,0.00,N/A,Computer
"05/15/2025, 12:57 AM PDT","05/15/2025, 03:57 AM EDT","05/15/2025, 02:57 AM CDT","05/15/2025, 12:57 AM PDT",AIRHEADS GUM 14pc WALLET WATERMELON,512979281,73390013325,Single,1,AirHeads,Grocery,Chewing Gum,N/A,N/A,N/A,https://i5.walmartimages.com/seo/AIRHEADS-GUM-14pc-WALLET-WATERMELON_3fd171fe-33df-4df3-b0ad-d90ed97e9d42_1.3fdb623d0a667b3c38e60c3d317ae825.jpeg,,N/A,https://www.walmart.com/ip/512979281,1.28,https://www.amazon.com/dp/B0743DNMJ2,https://www.amazon.com/s?k=AIRHEADS%20GUM%2014pc%20WALLET%20WATERMELON,https://www.ebay.com/sch/i.html?_nkw=AIRHEADS%20GUM%2014pc%20WALLET%20WATERMELON,https://www.google.com/search?q=AIRHEADS%20GUM%2014pc%20WALLET%20WATERMELON,https://seller.walmart.com/catalog/add-items?search=512979281,N/A,no,no,no,2,1,1,167,Digital Media Arts LLC,wfs,$6.25,12,$6.25,$8.82,6.25,1.28,-0.01,-0.14 %,-0.68 %,6.20,1.02,1,OOS,N/A,$4.98,$3.45,0,$0.50,8.00%,$0.00,1,$1.03,$0.30 /lb,$0.03,$0.00,$0.00,$0.00,$0.00,0,$0.00,5,1,"Pulling package information from B0743DNMJ2 via amazon.com,3 or less sellers","3.39, 2.05, 0.55 in, 0.09 lbs",3.39,2.05,0.55,0.09,N/A,Computer
"05/15/2025, 01:05 AM PDT","05/15/2025, 04:05 AM EDT","05/15/2025, 03:05 AM CDT","05/15/2025, 01:05 AM PDT","Airheads, Soft Filled Bites Candy, 6 Oz",135683174,73390010829,N/A,N/A,AirHeads,Grocery,Gummy Candy,N/A,N/A,621269,https://i5.walmartimages.com/seo/Airheads-Soft-Filled-Bites-Candy-6-Oz_738de4fe-e527-41f8-9ab7-e2d2c4102782_2.f80e9822dd0a07a55e27961d8891f425.jpeg,,N/A,https://www.walmart.com/ip/135683174,2.27,https://www.amazon.com/dp/B01KO9V7FI,https://www.amazon.com/s?k=Airheads%2C%20Soft%20Filled%20Bites%20Candy%2C%206%20Oz,https://www.ebay.com/sch/i.html?_nkw=Airheads%2C%20Soft%20Filled%20Bites%20Candy%2C%206%20Oz,https://www.google.com/search?q=Airheads%2C%20Soft%20Filled%20Bites%20Candy%2C%206%20Oz,https://seller.walmart.com/catalog/add-items?search=135683174,N/A,no,no,no,2,0,2,599,Shop The King,mfn,$7.69,589,$7.69,$7.91,7.69,2.27,0.21,2.76 %,9.34 %,7.40,1.99,1,$7.69,50+ units sold this month on Amazon,$5.21,$3.45,0,$0.62,8.00%,$0.02,1,$1.12,$0.30 /lb,$0.12,$0.00,$0.00,$0.00,$0.00,0,$0.00,,0,"Pulling package information from B01KO9V7FI via amazon.com,3 or less sellers","8.11, 5.47, 1.18 in, 0.40 lbs",8.11,5.47,1.18,0.40,N/A,Computer
"05/15/2025, 01:11 AM PDT","05/15/2025, 04:11 AM EDT","05/15/2025, 03:11 AM CDT","05/15/2025, 01:11 AM PDT","Airheads Xtremes Sourfuls Rainbow Berry Soft & Chewy Candy, 6 oz.",916754189,73390009137,N/A,N/A,AirHeads,Grocery,Sour Candy,N/A,N/A,644779,https://i5.walmartimages.com/seo/Airheads-Xtremes-Sourfuls-Rainbow-Berry-Soft-Chewy-Candy-6-oz_2819347b-e899-476e-8af2-49ecb2933330.a4b2493c398c388f8b2212b7e965f9bb.jpeg,,N/A,https://www.walmart.com/ip/916754189,2.27,https://www.amazon.com/dp/B01N5TX5HU,https://www.amazon.com/s?k=Airheads%20Xtremes%20Sourfuls%20Rainbow%20Berry%20Soft%20%26%20Chewy%20Candy%2C%206%20oz.,https://www.ebay.com/sch/i.html?_nkw=Airheads%20Xtremes%20Sourfuls%20Rainbow%20Berry%20Soft%20%26%20Chewy%20Candy%2C%206%20oz.,https://www.google.com/search?q=Airheads%20Xtremes%20Sourfuls%20Rainbow%20Berry%20Soft%20%26%20Chewy%20Candy%2C%206%20oz.,https://seller.walmart.com/catalog/add-items?search=916754189,N/A,no,yes,no,2,0,2,228,Shop The King,mfn,$8.54,217,$8.53,$8.54,8.54,2.27,1,11.74 %,44.19 %,7.35,2.62,1,$7.15,100+ units sold this month on Amazon,$5.27,$3.45,0,$0.68,8.00%,$0.02,1,$1.11,$0.30 /lb,$0.11,$0.00,$0.00,$0.00,$0.00,0,$0.00,5,3,"Pulling package information from B01N5TX5HU via amazon.com,3 or less sellers","7.87, 5.47, 1.22 in, 0.37 lbs",7.87,5.47,1.22,0.37,N/A,Computer
"05/15/2025, 01:12 AM PDT","05/15/2025, 04:12 AM EDT","05/15/2025, 03:12 AM CDT","05/15/2025, 01:12 AM PDT","Al Dente Golden Egg Parpadelle, 12 Oz.",30988869,81475691535,N/A,N/A,Al Dente,Grocery,Pasta,N/A,N/A,HG1030063,https://i5.walmartimages.com/seo/Al-Dente-Golden-Egg-Parpadelle-12-Oz_ee6af037-bc41-42b6-9461-469801ba9672_1.37acec9690478d8d28eb461cbc20c80f.jpeg,,N/A,https://www.walmart.com/ip/30988869,3.09,https://www.amazon.com/dp/B00B03X2LU,https://www.amazon.com/s?k=Al%20Dente%20Golden%20Egg%20Parpadelle%2C%2012%20Oz.,https://www.ebay.com/sch/i.html?_nkw=Al%20Dente%20Golden%20Egg%20Parpadelle%2C%2012%20Oz.,https://www.google.com/search?q=Al%20Dente%20Golden%20Egg%20Parpadelle%2C%2012%20Oz.,https://seller.walmart.com/catalog/add-items?search=30988869,N/A,no,no,no,2,1,1,10002,Third Eye Market,wfs,$11.99,3,$11.99,$29.24,11.99,3.09,2.64,22.01 %,85.42 %,0.00,4.58,1,$37.04,N/A,$6.26,$4.95,0,$0.96,8.00%,$0.11,1,$0.25,$0.30 /lb,$0.25,$0.00,$0.00,$0.00,$0.00,0,$0.00,5,1,"Pulling package information from B00B03X2LU via amazon.com,3 or less sellers","12.68, 5.12, 3.74 in, 0.82 lbs",12.68,5.12,3.74,0.82,N/A,Computer
"05/15/2025, 01:16 AM PDT","05/15/2025, 04:16 AM EDT","05/15/2025, 03:16 AM CDT","05/15/2025, 01:16 AM PDT","Al Dente Basil Fettuccine, 12-Ounce Bags (Pack of 6)",30952983,81475578935,N/A,N/A,Al Dente,Grocery,Pasta,N/A,N/A,011999-0,https://i5.walmartimages.com/seo/Al-Dente-Basil-Fettucine-12-Oz_d55a14a6-2ede-4677-b04b-1d0ecd1ec821.0d3811deda7cbf4bafbd5a275e78d052.png,,N/A,https://www.walmart.com/ip/30952983,18.54,https://www.amazon.com/dp/B004TSW3SG,https://www.amazon.com/s?k=Al%20Dente%20Basil%20Fettuccine%2C%2012-Ounce%20Bags%20(Pack%20of%206),https://www.ebay.com/sch/i.html?_nkw=Al%20Dente%20Basil%20Fettuccine%2C%2012-Ounce%20Bags%20(Pack%20of%206),https://www.google.com/search?q=Al%20Dente%20Basil%20Fettuccine%2C%2012-Ounce%20Bags%20(Pack%20of%206),https://seller.walmart.com/catalog/add-items?search=30952983,N/A,no,yes,no,1,0,1,999,Al Dente Pasta Company,mfn,$38.99,999,$38.99,$38.99,38.99,18.54,10.84,27.81 %,58.48 %,26.15,23.51,1,$9.99,N/A,$9.61,$3.45,0,$5.85,15.00%,$0.08,1,$0.22,$0.30 /lb,$0.22,$0.00,$0.00,$0.00,$0.00,0,$0.00,,0,"Pulling package information from B004TSW3SG via amazon.com,3 or less sellers","9.29, 5.51, 3.82 in, 0.75 lbs",9.29,5.51,3.82,0.75,N/A,Computer
"05/15/2025, 01:16 AM PDT","05/15/2025, 04:16 AM EDT","05/15/2025, 03:16 AM CDT","05/15/2025, 01:16 AM PDT","Al Dente Egg Fettuccine, 12-Ounce Bag (Pack of 6)",15673671,81475324563,N/A,N/A,Al Dente,Grocery,Pasta,N/A,N/A,0367326,https://i5.walmartimages.com/seo/Al-Dente-Egg-Fettucine-12-Oz_7e59aa7b-ea17-4264-a954-4786c83f76ee.689dbb355787fafb8cda81033a0046df.png,,N/A,https://www.walmart.com/ip/15673671,18.54,https://www.amazon.com/dp/B0083JM8NM,https://www.amazon.com/s?k=Al%20Dente%20Egg%20Fettuccine%2C%2012-Ounce%20Bag%20(Pack%20of%206),https://www.ebay.com/sch/i.html?_nkw=Al%20Dente%20Egg%20Fettuccine%2C%2012-Ounce%20Bag%20(Pack%20of%206),https://www.google.com/search?q=Al%20Dente%20Egg%20Fettuccine%2C%2012-Ounce%20Bag%20(Pack%20of%206),https://seller.walmart.com/catalog/add-items?search=15673671,N/A,no,no,no,3,0,3,1014,SANTARA,mfn,$39.97,2,$38.99,$40.84,39.97,18.54,11.86,29.68 %,63.98 %,25.90,24.32,1,$10.71,N/A,$9.57,$3.45,0,$6.00,15.00%,$0.09,1,$0.04,$0.30 /lb,$0.04,$0.00,$0.00,$0.00,$0.00,0,$0.00,,0,"Pulling package information from B0083JM8NM via amazon.com,3 or less sellers","7.99, 5.00, 5.00 in, 0.12 lbs",7.99,5.00,5.00,0.12,N/A,Computer
"05/15/2025, 01:17 AM PDT","05/15/2025, 04:17 AM EDT","05/15/2025, 03:17 AM CDT","05/15/2025, 01:17 AM PDT","Al Dente Garlic Parsley Fettucine, 12 Oz.",29848182,81475998474,N/A,N/A,Al Dente,Grocery,Pasta,N/A,N/A,81475998474,https://i5.walmartimages.com/seo/Al-Dente-Garlic-Parsley-Fettucine-12-Oz_5df5927f-5b37-430b-ad8a-21b22699748e_1.c090998e125fa1edc2603eabd20b24ac.jpeg,,N/A,https://www.walmart.com/ip/29848182,3.09,https://www.amazon.com/dp/B0083JM9OK,https://www.amazon.com/s?k=Al%20Dente%20Garlic%20Parsley%20Fettucine%2C%2012%20Oz.,https://www.ebay.com/sch/i.html?_nkw=Al%20Dente%20Garlic%20Parsley%20Fettucine%2C%2012%20Oz.,https://www.google.com/search?q=Al%20Dente%20Garlic%20Parsley%20Fettucine%2C%2012%20Oz.,https://seller.walmart.com/catalog/add-items?search=29848182,N/A,no,no,no,2,1,1,6,Third Eye Market,wfs,$11.99,3,$11.99,$16.47,11.99,3.09,7.94,66.23 %,256.98 %,4.35,8.82,1,$52.95,N/A,$0.96,$0.00,0,$0.96,8.00%,$0.00,1,$0.00,$0.30 /lb,$0.00,$0.00,$0.00,$0.00,$0.00,0,$0.00,,0,"For better accuracy, we’ve used dimensions from  to provide more precise estimates,3 or less sellers","0.00, 0.00, 0.00 in, 0.00 lbs",0.00,0.00,0.00,0.00,N/A,Computer
"05/15/2025, 01:18 AM PDT","05/15/2025, 04:18 AM EDT","05/15/2025, 03:18 AM CDT","05/15/2025, 01:18 AM PDT","Al Dente Spinach Fettuccine, 12-Ounce Bag (Pack of 6)",29776015,81475347890,N/A,N/A,Al Dente,Grocery,Pasta,N/A,N/A,6spin/r,https://i5.walmartimages.com/seo/DELETE-Al-Dente-Spinach-Fettucine-12-oz_dfce3761-166f-49a6-a6a2-eda38a149f96.dcb143d2fa9696d73eca085d009080e2.png,,N/A,https://www.walmart.com/ip/29776015,18.54,https://www.amazon.com/dp/B005GTTYKM,https://www.amazon.com/s?k=Al%20Dente%20Spinach%20Fettuccine%2C%2012-Ounce%20Bag%20(Pack%20of%206),https://www.ebay.com/sch/i.html?_nkw=Al%20Dente%20Spinach%20Fettuccine%2C%2012-Ounce%20Bag%20(Pack%20of%206),https://www.google.com/search?q=Al%20Dente%20Spinach%20Fettuccine%2C%2012-Ounce%20Bag%20(Pack%20of%206),https://seller.walmart.com/catalog/add-items?search=29776015,N/A,no,no,no,3,0,3,1011,Al Dente Pasta Company,mfn,$31.99,998,$31.99,$38.99,31.99,18.54,8.65,27.04 %,46.66 %,21.70,21.75,1,$71.83,N/A,$4.80,$0.00,0,$4.80,15.00%,$0.00,1,$0.00,$0.30 /lb,$0.00,$0.00,$0.00,$0.00,$0.00,0,$0.00,5,1,"For better accuracy, we’ve used dimensions from  to provide more precise estimates,3 or less sellers","0.00, 0.00, 0.00 in, 0.00 lbs",0.00,0.00,0.00,0.00,N/A,Computer
"05/15/2025, 03:11 AM PDT","05/15/2025, 06:11 AM EDT","05/15/2025, 05:11 AM CDT","05/15/2025, 03:11 AM PDT","Al Dente Squid Ink Fettuccine, 12 Oz",30865697,81475962345,N/A,N/A,Al Dente,Grocery,Pasta,N/A,N/A,1608058,https://i5.walmartimages.com/seo/Al-Dente-Squid-Ink-Fettuccine-12-Oz_55122ffd-3b64-4ad8-a603-a12c57636089_1.79f1e51e1ee95a745df8c23316e96441.jpeg,,N/A,https://www.walmart.com/ip/30865697,3.45,https://www.amazon.com/dp/B007CK14AG,https://www.amazon.com/s?k=Al%20Dente%20Squid%20Ink%20Fettuccine%2C%2012%20Oz,https://www.ebay.com/sch/i.html?_nkw=Al%20Dente%20Squid%20Ink%20Fettuccine%2C%2012%20Oz,https://www.google.com/search?q=Al%20Dente%20Squid%20Ink%20Fettuccine%2C%2012%20Oz,https://seller.walmart.com/catalog/add-items?search=30865697,N/A,no,yes,no,2,0,2,8,Hawaiian Lake,mfn,$19.00,1,$19.00,$19.00,19,3.45,8.94,47.05 %,259.09 %,8.85,9.91,1,$8.00,N/A,$6.61,$3.45,0,$2.85,15.00%,$0.09,1,$0.22,$0.30 /lb,$0.22,$0.00,$0.00,$0.00,$0.00,0,$0.00,,0,"Pulling package information from B007CK14AG via amazon.com,3 or less sellers","9.49, 6.18, 3.39 in, 0.75 lbs",9.49,6.18,3.39,0.75,N/A,Computer
"05/15/2025, 03:12 AM PDT","05/15/2025, 06:12 AM EDT","05/15/2025, 05:12 AM CDT","05/15/2025, 03:12 AM PDT","Al Dente - Chickpea Turmeric Pasta, 8oz",230289292,81475248364,N/A,N/A,Al Dente,Grocery,Pasta,N/A,N/A,N/A,https://i5.walmartimages.com/seo/Al-Dente-Chickpea-Turmeric-Pasta-8oz_29d67be4-a13a-4669-9676-9ced4de12bbe.f98b4f1dc4d2e34ecc139f7cf665d550.jpeg,,N/A,https://www.walmart.com/ip/230289292,3.09,https://www.amazon.com/dp/B086W8RQ8W,https://www.amazon.com/s?k=Al%20Dente%20-%20Chickpea%20Turmeric%20Pasta%2C%208oz,https://www.ebay.com/sch/i.html?_nkw=Al%20Dente%20-%20Chickpea%20Turmeric%20Pasta%2C%208oz,https://www.google.com/search?q=Al%20Dente%20-%20Chickpea%20Turmeric%20Pasta%2C%208oz,https://seller.walmart.com/catalog/add-items?search=230289292,N/A,no,no,no,1,1,0,5,Third Eye Market,wfs,$9.99,5,$9.99,$9.99,9.99,3.09,1.47,14.69 %,47.48 %,8.30,3.65,1,$8.68,N/A,$5.43,$3.45,0,$0.80,8.00%,$0.05,1,$1.14,$0.30 /lb,$0.14,$0.00,$0.00,$0.00,$0.00,0,$0.00,,0,"Pulling package information from B086W8RQ8W via amazon.com,3 or less sellers","8.50, 4.41, 2.80 in, 0.46 lbs",8.50,4.41,2.80,0.46,N/A,Computer
"05/15/2025, 03:14 AM PDT","05/15/2025, 06:14 AM EDT","05/15/2025, 05:14 AM CDT","05/15/2025, 03:14 AM PDT",(Price/Case)Al Dente - Pasta Og2 Lentl Swt Pot - CS of 6-8 OZ,424072391,81475156423,N/A,N/A,Al Dente,Grocery,Pasta,N/A,N/A,00335198,https://i5.walmartimages.com/seo/Price-Case-Al-Dente-Pasta-Og2-Lentl-Swt-Pot-CS-of-6-8-OZ_1d0ab744-b1ae-4a74-acd1-c023df576f91.0d0c9c173125bfcd5297e8660922bacc.jpeg,,N/A,https://www.walmart.com/ip/424072391,18.54,https://www.amazon.com/dp/B07P1NC1YZ,https://www.amazon.com/s?k=(Price%2FCase)Al%20Dente%20-%20Pasta%20Og2%20Lentl%20Swt%20Pot%20-%20CS%20of%206-8%20OZ,https://www.ebay.com/sch/i.html?_nkw=(Price%2FCase)Al%20Dente%20-%20Pasta%20Og2%20Lentl%20Swt%20Pot%20-%20CS%20of%206-8%20OZ,https://www.google.com/search?q=(Price%2FCase)Al%20Dente%20-%20Pasta%20Og2%20Lentl%20Swt%20Pot%20-%20CS%20of%206-8%20OZ,https://seller.walmart.com/catalog/add-items?search=424072391,N/A,no,no,no,1,0,1,12,UniversoBrands,mfn,$46.98,12,$46.98,$46.98,46.98,18.54,21.39,45.54 %,115.39 %,21.70,31.95,1,$37.83,N/A,$7.05,$0.00,0,$7.05,15.00%,$0.00,1,$0.00,$0.30 /lb,$0.00,$0.00,$0.00,$0.00,$0.00,0,$0.00,,0,"For better accuracy, we’ve used dimensions from  to provide more precise estimates,3 or less sellers","0.00, 0.00, 0.00 in, 0.00 lbs",0.00,0.00,0.00,0.00,N/A,Computer
"05/15/2025, 03:15 AM PDT","05/15/2025, 06:15 AM EDT","05/15/2025, 05:15 AM CDT","05/15/2025, 03:15 AM PDT","Al Dente Gluten-Free Pasta Green Pea + Wild Garlic, 8 Ounce (Pack of 6)",15669268512,0,N/A,N/A,Al Dente,Grocery,Pasta,N/A,N/A,N/A,https://i5.walmartimages.com/seo/Al-Dente-Gluten-Free-Pasta-Green-Pea-Wild-Garlic-8-Ounce-Pack-of-6_99f40051-5bc8-48a0-8289-daad0a3ed3e0.94a8cf6def9c9fea9deb922b0cf195d5.png,,N/A,https://www.walmart.com/ip/15669268512,18.54,https://www.amazon.com/dp/undefined,https://www.amazon.com/s?k=Al%20Dente%20Gluten-Free%20Pasta%20Green%20Pea%20%2B%20Wild%20Garlic%2C%208%20Ounce%20(Pack%20of%206),https://www.ebay.com/sch/i.html?_nkw=Al%20Dente%20Gluten-Free%20Pasta%20Green%20Pea%20%2B%20Wild%20Garlic%2C%208%20Ounce%20(Pack%20of%206),https://www.google.com/search?q=Al%20Dente%20Gluten-Free%20Pasta%20Green%20Pea%20%2B%20Wild%20Garlic%2C%208%20Ounce%20(Pack%20of%206),https://seller.walmart.com/catalog/add-items?search=15669268512,N/A,no,no,no,1,0,1,1000,Al Dente Pasta Company,mfn,$38.99,1000,$38.99,$38.99,38.99,18.54,14.6,37.45 %,78.76 %,21.70,26.51,1,,N/A,$5.85,$0.00,0,$5.85,15.00%,$0.00,1,$0.00,$0.30 /lb,$0.00,$0.00,$0.00,$0.00,$0.00,0,$0.00,,0,"For better accuracy, we’ve used dimensions from  to provide more precise estimates,3 or less sellers","0.00, 0.00, 0.00 in, 0.00 lbs",0.00,0.00,0.00,0.00,N/A,Computer
"05/15/2025, 03:19 AM PDT","05/15/2025, 06:19 AM EDT","05/15/2025, 05:19 AM CDT","05/15/2025, 03:19 AM PDT","Al Dente Al Dente Carba-Nada Fettuccine, 10 oz",123241369,81475405569,N/A,N/A,Al Dente,Grocery,Pasta,N/A,N/A,lowce,https://i5.walmartimages.com/seo/AL-DENTE-PASTA-FTTCCNE-LC-EGG-10-OZ_0e0fd5cb-39ff-457f-a7c5-fb55cb24ab08.834506d8c47d30158be5df45d7847a2c.jpeg,,N/A,https://www.walmart.com/ip/123241369,3.44,https://www.amazon.com/dp/B00J4NNTTS,https://www.amazon.com/s?k=Al%20Dente%20Al%20Dente%20Carba-Nada%20Fettuccine%2C%2010%20oz,https://www.ebay.com/sch/i.html?_nkw=Al%20Dente%20Al%20Dente%20Carba-Nada%20Fettuccine%2C%2010%20oz,https://www.google.com/search?q=Al%20Dente%20Al%20Dente%20Carba-Nada%20Fettuccine%2C%2010%20oz,https://seller.walmart.com/catalog/add-items?search=123241369,N/A,no,yes,no,4,0,4,1365,Palatize,mfn,$10.48,1187,$10.48,$14.88,10.48,3.44,0.92,8.75 %,26.66 %,0.00,3.49,1,$14.99,N/A,$6.12,$4.95,0,$0.84,8.00%,$0.10,1,$0.24,$0.30 /lb,$0.24,$0.00,$0.00,$0.00,$0.00,0,$0.00,4.9,123,"Pulling package information from B00J4NNTTS via amazon.com,User edited dimensions/weight","11.77, 6.22, 3.07 in, 0.79 lbs",11.77,6.22,3.07,0.79,N/A,Computer
"05/15/2025, 03:20 AM PDT","05/15/2025, 06:20 AM EDT","05/15/2025, 05:20 AM CDT","05/15/2025, 03:20 AM PDT","AL DENTE: Carba-Nada Roasted Garlic Fettucine Noodles, 10 oz",29954960,81475716887,N/A,N/A,Al Dente,Grocery,Noodles,N/A,N/A,00067167,https://i5.walmartimages.com/seo/AL-DENTE-Carba-Nada-Roasted-Garlic-Fettucine-Noodles-10-oz_8c1e6dad-fa67-4838-b4f8-4a20f094db6e.5c27baafd57a7c37070932425327e8b2.jpeg,,N/A,https://www.walmart.com/ip/29954960,3.44,https://www.amazon.com/dp/B0002NYJE8,https://www.amazon.com/s?k=AL%20DENTE%3A%20Carba-Nada%20Roasted%20Garlic%20Fettucine%20Noodles%2C%2010%20oz,https://www.ebay.com/sch/i.html?_nkw=AL%20DENTE%3A%20Carba-Nada%20Roasted%20Garlic%20Fettucine%20Noodles%2C%2010%20oz,https://www.google.com/search?q=AL%20DENTE%3A%20Carba-Nada%20Roasted%20Garlic%20Fettucine%20Noodles%2C%2010%20oz,https://seller.walmart.com/catalog/add-items?search=29954960,N/A,no,no,no,2,1,1,36,OTCRx4U,wfs,$9.99,27,$9.99,$14.58,9.99,3.44,1.03,10.34 %,30.03 %,8.80,3.58,1,$6.75,50+ units sold this month on Amazon,$5.52,$3.45,0,$0.80,8.00%,$0.08,1,$1.19,$0.30 /lb,$0.19,$0.00,$0.00,$0.00,$0.00,0,$0.00,4.8,80,"Pulling package information from B0002NYJE8 via amazon.com,3 or less sellers","11.42, 4.92, 3.11 in, 0.64 lbs",11.42,4.92,3.11,0.64,N/A,Computer
"05/15/2025, 03:24 AM PDT","05/15/2025, 06:24 AM EDT","05/15/2025, 05:24 AM CDT","05/15/2025, 03:24 AM PDT",AL DENTE SPIN FRFLLETTI ( 6 X 14 OZ   ),820165151,81475062809,N/A,N/A,Al Dente,Grocery,Pasta,N/A,N/A,N/A,https://i5.walmartimages.com/seo/Al-Dente-12-oz-Spinach-Farfalletti-Pasta_8e4a0968-12b9-4a9a-be78-6ddd9981982e.d7bfaf76f66a0c82be3f89c5f918cf4c.jpeg,,N/A,https://www.walmart.com/ip/820165151,3.09,https://www.amazon.com/dp/B07GXNBB99,https://www.amazon.com/s?k=AL%20DENTE%20SPIN%20FRFLLETTI%20(%206%20X%2014%20OZ%20%20%20),https://www.ebay.com/sch/i.html?_nkw=AL%20DENTE%20SPIN%20FRFLLETTI%20(%206%20X%2014%20OZ%20%20%20),https://www.google.com/search?q=AL%20DENTE%20SPIN%20FRFLLETTI%20(%206%20X%2014%20OZ%20%20%20),https://seller.walmart.com/catalog/add-items?search=820165151,N/A,yes,no,no,0,0,0,0,N/A,N/A,0,,,Price,12.83,3.09,0.31,2.40 %,9.96 %,12.40,2.72,1,$32.35,N/A,$9.43,$6.55,0,$1.03,8.00%,$0.33,1,$1.53,$0.30 /lb,$1.53,$0.00,$0.00,$0.00,$0.00,0,$0.00,,0,"Pulling package information from B07GXNBB99 via amazon.com,3 or less sellers","11.69, 8.19, 7.91 in, 5.09 lbs",11.69,8.19,7.91,5.09,N/A,Computer
"05/15/2025, 03:31 AM PDT","05/15/2025, 06:31 AM EDT","05/15/2025, 05:31 AM CDT","05/15/2025, 03:31 AM PDT","Alba Botanica Deep Cleansing Coconut Milk Facial Wash, 8 oz.",10324222,724742008048,8 Ounce,1,Alba Botanica,Beauty,Facial Cleansers,N/A,N/A,724742008048,https://i5.walmartimages.com/seo/Alba-Botanica-Deep-Cleansing-Coconut-Milk-Facial-Wash-8-oz_45e66480-af00-44f3-abd1-59b004257ad4.ba85c42ae78f34991a55bb154fed3396.jpeg,,N/A,https://www.walmart.com/ip/10324222,8.59,https://www.amazon.com/dp/B001FULH0Q,https://www.amazon.com/s?k=Alba%20Botanica%20Deep%20Cleansing%20Coconut%20Milk%20Facial%20Wash%2C%208%20oz.,https://www.ebay.com/sch/i.html?_nkw=Alba%20Botanica%20Deep%20Cleansing%20Coconut%20Milk%20Facial%20Wash%2C%208%20oz.,https://www.google.com/search?q=Alba%20Botanica%20Deep%20Cleansing%20Coconut%20Milk%20Facial%20Wash%2C%208%20oz.,https://seller.walmart.com/catalog/add-items?search=10324222,"Reviewers highlighted: ease of use, for the morning",no,no,no,4,1,3,1187,OTCRx4U,wfs,$14.36,4,$14.35,$16.38,14.36,8.59,-0.03,-0.20 %,-0.33 %,14.30,6.85,1,$16.35,N/A,$5.80,$3.45,0,$2.15,15.00%,$0.01,1,$0.18,$0.30 /lb,$0.18,$0.00,$0.00,$0.00,$0.00,0,$0.00,4.5,122,Pulling package information from B001FULH0Q via amazon.com,"7.13, 2.17, 2.09 in, 0.60 lbs",7.13,2.17,2.09,0.60,N/A,Computer
"05/15/2025, 03:34 AM PDT","05/15/2025, 06:34 AM EDT","05/15/2025, 05:34 AM CDT","05/15/2025, 03:34 AM PDT","Alba Botanica Pineapple Enzyme Hawaiian 3-in-1 Clean Wet Towelettes, 25 ct Pack",26971358,724742008093,N/A,N/A,Alba Botanica,Beauty,Facial Wipes,Hain Celestial,724742008093,ALB00809,https://i5.walmartimages.com/seo/Alba-Botanica-Pineapple-Enzyme-Hawaiian-3-in-1-Clean-Wet-Towelettes-25-ct-Pack_1c723211-0839-415d-89a8-389af2491d45.c6947a6e629cd4e62e137d2fd189a21d.jpeg,,N/A,https://www.walmart.com/ip/26971358,4.73,https://www.amazon.com/dp/B0085NTO3S,https://www.amazon.com/s?k=Alba%20Botanica%20Pineapple%20Enzyme%20Hawaiian%203-in-1%20Clean%20Wet%20Towelettes%2C%2025%20ct%20Pack,https://www.ebay.com/sch/i.html?_nkw=Alba%20Botanica%20Pineapple%20Enzyme%20Hawaiian%203-in-1%20Clean%20Wet%20Towelettes%2C%2025%20ct%20Pack,https://www.google.com/search?q=Alba%20Botanica%20Pineapple%20Enzyme%20Hawaiian%203-in-1%20Clean%20Wet%20Towelettes%2C%2025%20ct%20Pack,https://seller.walmart.com/catalog/add-items?search=26971358,"Reviewers highlighted: smell, skin, makeup",no,yes,no,1,0,1,311,iHerb,mfn,$11.86,311,$11.86,$11.86,11.86,4.73,1.78,14.97 %,37.54 %,0.00,5.20,1,$6.87,100+ units sold this month on Amazon,$5.35,$3.45,0,$1.78,15.00%,$0.01,1,$0.11,$0.30 /lb,$0.11,$0.00,$0.00,$0.00,$0.00,0,$0.00,4.3,105,3 or less sellers,"1.75, 3.19, 4.75 in, 0.38 lbs",1.75,3.19,4.75,0.38,N/A,Computer
"05/15/2025, 03:36 AM PDT","05/15/2025, 06:36 AM EDT","05/15/2025, 05:36 AM CDT","05/15/2025, 03:36 AM PDT","Hain Celestial Group Alba Botanica Very Emollient Cream Shave, 8 oz",24819816,724742003456,N/A,N/A,Alba Botanica,Health & Personal Care,Shaving Creams & Balms,N/A,N/A,56103,https://i5.walmartimages.com/seo/Hain-Celestial-Group-Alba-Botanica-Very-Emollient-Cream-Shave-8-oz_30a65db7-5612-49b6-b2f0-d0887d308a4f.97d1cbc80b37e5c1393b5d89b32b959b.jpeg,,N/A,https://www.walmart.com/ip/24819816,4.53,https://www.amazon.com/dp/B000Q95VJK,https://www.amazon.com/s?k=Hain%20Celestial%20Group%20Alba%20Botanica%20Very%20Emollient%20Cream%20Shave%2C%208%20oz,https://www.ebay.com/sch/i.html?_nkw=Hain%20Celestial%20Group%20Alba%20Botanica%20Very%20Emollient%20Cream%20Shave%2C%208%20oz,https://www.google.com/search?q=Hain%20Celestial%20Group%20Alba%20Botanica%20Very%20Emollient%20Cream%20Shave%2C%208%20oz,https://seller.walmart.com/catalog/add-items?search=24819816,"Reviewers highlighted: smoothness, feel, smell",no,no,no,10,3,7,1594,Nature's Health,wfs,$9.07,4,$9.07,$12.98,9.07,4.53,-0.82,-9.06 %,-18.14 %,9.90,2.97,1,$9.97,500+ units sold this month on Amazon,$5.36,$3.45,0,$0.73,8.00%,$0.02,1,$1.17,$0.30 /lb,$0.17,$0.00,$0.00,$0.00,$0.00,0,$0.00,4.6,59,Pulling package information from B000Q95VJK via amazon.com,"7.80, 3.03, 2.05 in, 0.55 lbs",7.80,3.03,2.05,0.55,N/A,Computer
"05/15/2025, 03:37 AM PDT","05/15/2025, 06:37 AM EDT","05/15/2025, 05:37 AM CDT","05/15/2025, 03:37 AM PDT","Alba Botanica Hawaiian Sea Salt Body Scrub, 14.5 Ounce Bottle",10324229,724742008185,N/A,N/A,Alba Botanica,Health & Personal Care,Body Scrubs,KeHE Distributors,N/A,ALB00818,https://i5.walmartimages.com/seo/Alba-Botanica-Hawaiian-Sea-Salt-Body-Scrub-14-5-oz_811f35ae-db9b-4b89-a900-d4d35c9e9866.84171ad41b010754b696b71e7f66cd92.jpeg,,N/A,https://www.walmart.com/ip/10324229,11.26,https://www.amazon.com/dp/B002LMZIHU,https://www.amazon.com/s?k=Alba%20Botanica%20Hawaiian%20Sea%20Salt%20Body%20Scrub%2C%2014.5%20Ounce%20Bottle,https://www.ebay.com/sch/i.html?_nkw=Alba%20Botanica%20Hawaiian%20Sea%20Salt%20Body%20Scrub%2C%2014.5%20Ounce%20Bottle,https://www.google.com/search?q=Alba%20Botanica%20Hawaiian%20Sea%20Salt%20Body%20Scrub%2C%2014.5%20Ounce%20Bottle,https://seller.walmart.com/catalog/add-items?search=10324229,N/A,no,no,no,4,1,3,52,Pharmapacks,wfs,$18.95,6,$18.95,$38.63,18.95,11.26,4.85,25.58 %,43.05 %,13.15,12.89,1,$185.75,N/A,$2.84,$0.00,0,$2.84,15.00%,$0.00,1,$0.00,$0.30 /lb,$0.00,$0.00,$0.00,$0.00,$0.00,0,$0.00,4.3,80,"For better accuracy, we’ve used dimensions from  to provide more precise estimates","0.00, 0.00, 0.00 in, 0.00 lbs",0.00,0.00,0.00,0.00,N/A,Computer
"05/15/2025, 03:39 AM PDT","05/15/2025, 06:39 AM EDT","05/15/2025, 05:39 AM CDT","05/15/2025, 03:39 AM PDT","Alessi 4 Minute Pasta Cheese & Black Pepper, 6.35 oz Shelf Stable",3786193212,71072803530,Single,2,Alessi,Grocery,Pasta,N/A,N/A,N/A,https://i5.walmartimages.com/seo/Alessi-4-Minute-Pasta-Cheese-Black-Pepper-6-35-oz-Shelf-Stable_8258274d-f26d-4c91-9a80-9fa92326ec86.42e8709f7c14b3b0412956fb38b539c4.jpeg,,N/A,https://www.walmart.com/ip/3786193212,2.69,https://www.amazon.com/dp/B0BXBMSYP3,https://www.amazon.com/s?k=Alessi%204%20Minute%20Pasta%20Cheese%20%26%20Black%20Pepper%2C%206.35%20oz%20Shelf%20Stable,https://www.ebay.com/sch/i.html?_nkw=Alessi%204%20Minute%20Pasta%20Cheese%20%26%20Black%20Pepper%2C%206.35%20oz%20Shelf%20Stable,https://www.google.com/search?q=Alessi%204%20Minute%20Pasta%20Cheese%20%26%20Black%20Pepper%2C%206.35%20oz%20Shelf%20Stable,https://seller.walmart.com/catalog/add-items?search=3786193212,N/A,yes,yes,no,1,0,1,30,NEXTWAVE OCEAN LLC,mfn,$12.22,30,$12.22,$12.22,12.22,2.69,4.93,40.35 %,183.30 %,7.85,6.10,1,$2.91,50+ units sold this month on Amazon,$4.60,$3.45,0,$0.98,8.00%,$0.03,1,$0.14,$0.30 /lb,$0.14,$0.00,$0.00,$0.00,$0.00,0,$0.00,,0,"The listing has 2 variations,Pulling package information from B0BXBMSYP3 via amazon.com,3 or less sellers","7.80, 5.51, 1.81 in, 0.46 lbs",7.80,5.51,1.81,0.46,N/A,Computer
"05/15/2025, 03:40 AM PDT","05/15/2025, 06:40 AM EDT","05/15/2025, 05:40 AM CDT","05/15/2025, 03:40 AM PDT","Alessi 4 Minute Pasta Porcini Mushroom & Cheese, 6.35 oz Shelf Stable",3772142206,71072803547,Single,2,Alessi,Grocery,Pasta,N/A,N/A,N/A,https://i5.walmartimages.com/seo/Alessi-4-Minute-Pasta-Porcini-Mushroom-Cheese-6-35-oz-Shelf-Stable_dc303c6d-796e-4c33-b389-c67ea3490c21.2b11c420ed13f43705fd91b08d86baf9.jpeg,,N/A,https://www.walmart.com/ip/3772142206,2.69,https://www.amazon.com/dp/B0BXBMTYXR,https://www.amazon.com/s?k=Alessi%204%20Minute%20Pasta%20Porcini%20Mushroom%20%26%20Cheese%2C%206.35%20oz%20Shelf%20Stable,https://www.ebay.com/sch/i.html?_nkw=Alessi%204%20Minute%20Pasta%20Porcini%20Mushroom%20%26%20Cheese%2C%206.35%20oz%20Shelf%20Stable,https://www.google.com/search?q=Alessi%204%20Minute%20Pasta%20Porcini%20Mushroom%20%26%20Cheese%2C%206.35%20oz%20Shelf%20Stable,https://seller.walmart.com/catalog/add-items?search=3772142206,N/A,no,yes,no,3,0,3,59,Food E Concepts,mfn,$7.99,34,$7.99,$12.02,7.99,2.69,0.04,0.53 %,1.58 %,7.85,2.19,1,$6.14,50+ units sold this month on Amazon,$5.26,$3.45,0,$0.64,8.00%,$0.04,1,$1.13,$0.30 /lb,$0.13,$0.00,$0.00,$0.00,$0.00,0,$0.00,,0,"The listing has 2 variations,Pulling package information from B0BXBMTYXR via amazon.com,3 or less sellers","8.07, 5.59, 1.85 in, 0.44 lbs",8.07,5.59,1.85,0.44,N/A,Computer
"05/15/2025, 03:42 AM PDT","05/15/2025, 06:42 AM EDT","05/15/2025, 05:42 AM CDT","05/15/2025, 03:42 AM PDT","Alessi Amaretti Cookies, 7 oz, 12 pack",688329628,30684535802,N/A,N/A,Alessi,Grocery,Cookies,N/A,N/A,N/A,https://i5.walmartimages.com/seo/Alessi-Amaretti-Cookies-7-oz-12-pack_86bf15d4-c2bd-47a2-ac81-5f86c69df81d_1.f98a56454c49dac53d9cb627926fec14.jpeg,,N/A,https://www.walmart.com/ip/688329628,36.48,N/A,https://www.amazon.com/s?k=Alessi%20Amaretti%20Cookies%2C%207%20oz%2C%2012%20pack,https://www.ebay.com/sch/i.html?_nkw=Alessi%20Amaretti%20Cookies%2C%207%20oz%2C%2012%20pack,https://www.google.com/search?q=Alessi%20Amaretti%20Cookies%2C%207%20oz%2C%2012%20pack,https://seller.walmart.com/catalog/add-items?search=688329628,N/A,no,no,no,1,0,1,12,UniversoBrands,mfn,$62.98,12,$62.98,$62.98,62.98,36.48,17.05,27.08 %,46.75 %,42.85,42.83,1,NA,N/A,$9.45,$0.00,0,$9.45,15.00%,$0.00,1,$0.00,$0.30 /lb,$0.00,$0.00,$0.00,$0.00,$0.00,0,$0.00,5,3,"For better accuracy, we’ve used dimensions from  to provide more precise estimates,3 or less sellers","0.00, 0.00, 0.00 in, 0.00 lbs",0.00,0.00,0.00,0.00,N/A,Computer
"05/15/2025, 03:44 AM PDT","05/15/2025, 06:44 AM EDT","05/15/2025, 05:44 AM CDT","05/15/2025, 03:44 AM PDT","Alessi, Biscotti Savoiardi Lady Fingers - Case of 12 - 7 OZ",3474111931,749569343721,N/A,N/A,Alessi,Grocery,Cookies,N/A,N/A,N/A,https://i5.walmartimages.com/seo/Alessi-Biscotti-Savoiardi-Lady-Fingers-Case-of-12-7-OZ_2fee1242-4d54-43da-ac09-dc7215874abd.ecddfa18a556a2be7a897b9503625288.jpeg,,N/A,https://www.walmart.com/ip/3474111931,27.6,N/A,https://www.amazon.com/s?k=Alessi%2C%20Biscotti%20Savoiardi%20Lady%20Fingers%20-%20Case%20of%2012%20-%207%20OZ,https://www.ebay.com/sch/i.html?_nkw=Alessi%2C%20Biscotti%20Savoiardi%20Lady%20Fingers%20-%20Case%20of%2012%20-%207%20OZ,https://www.google.com/search?q=Alessi%2C%20Biscotti%20Savoiardi%20Lady%20Fingers%20-%20Case%20of%2012%20-%207%20OZ,https://seller.walmart.com/catalog/add-items?search=3474111931,N/A,no,no,no,1,0,1,12,UniversoBrands,mfn,$53.98,12,$53.98,$53.98,53.98,27.6,18.28,33.87 %,66.24 %,32.40,36.71,1,NA,N/A,$8.10,$0.00,0,$8.10,15.00%,$0.00,1,$0.00,$0.30 /lb,$0.00,$0.00,$0.00,$0.00,$0.00,0,$0.00,,0,"For better accuracy, we’ve used dimensions from  to provide more precise estimates,3 or less sellers","0.00, 0.00, 0.00 in, 0.00 lbs",0.00,0.00,0.00,0.00,N/A,Computer
"05/15/2025, 03:45 AM PDT","05/15/2025, 06:45 AM EDT","05/15/2025, 05:45 AM CDT","05/15/2025, 03:45 AM PDT","Alessi Whole Black Peppercorns, Grinder, 1.34 Oz",30994015,71072003657,N/A,N/A,Alessi,Grocery,Pepper & Peppercorns,N/A,N/A,CEF677FF3D222F2,https://i5.walmartimages.com/seo/Alessi-Whole-Black-Peppercorns-Grinder-1-34-Oz_582bdfd2-e635-4d0c-97b8-7c38aa384082_1.a0cd44d76f06867f56a9184a1687d1e9.jpeg,,N/A,https://www.walmart.com/ip/30994015,1.77,https://www.amazon.com/dp/B00CNW7X5S,https://www.amazon.com/s?k=Alessi%20Whole%20Black%20Peppercorns%2C%20Grinder%2C%201.34%20Oz,https://www.ebay.com/sch/i.html?_nkw=Alessi%20Whole%20Black%20Peppercorns%2C%20Grinder%2C%201.34%20Oz,https://www.google.com/search?q=Alessi%20Whole%20Black%20Peppercorns%2C%20Grinder%2C%201.34%20Oz,https://seller.walmart.com/catalog/add-items?search=30994015,N/A,no,no,no,1,0,1,11,Valyou General,mfn,$10.82,11,$10.82,$10.82,10.82,1.77,4.62,42.73 %,261.23 %,6.80,5.12,1,OOS,N/A,$4.43,$3.45,0,$0.87,8.00%,$0.01,1,$0.10,$0.30 /lb,$0.10,$0.00,$0.00,$0.00,$0.00,0,$0.00,,0,"Pulling package information from B00CNW7X5S via amazon.com,3 or less sellers","4.65, 1.69, 1.65 in, 0.35 lbs",4.65,1.69,1.65,0.35,N/A,Computer
"05/15/2025, 03:47 AM PDT","05/15/2025, 06:47 AM EDT","05/15/2025, 05:47 AM CDT","05/15/2025, 03:47 AM PDT",Alessi - Grinder - Whole Black Peppercorns - Large - 2.64 oz,2689595473,749569343479,N/A,N/A,Alessi,Grocery,Pepper & Peppercorns,N/A,N/A,N/A,https://i5.walmartimages.com/seo/Alessi-Grinder-Whole-Black-Peppercorns-Large-2-64-oz_85977115-4546-46f6-b59a-f18ab32fb78f.2e427a79858d652f115d66850c35efaa.jpeg,,N/A,https://www.walmart.com/ip/2689595473,2.42,N/A,https://www.amazon.com/s?k=Alessi%20-%20Grinder%20-%20Whole%20Black%20Peppercorns%20-%20Large%20-%202.64%20oz,https://www.ebay.com/sch/i.html?_nkw=Alessi%20-%20Grinder%20-%20Whole%20Black%20Peppercorns%20-%20Large%20-%202.64%20oz,https://www.google.com/search?q=Alessi%20-%20Grinder%20-%20Whole%20Black%20Peppercorns%20-%20Large%20-%202.64%20oz,https://seller.walmart.com/catalog/add-items?search=2689595473,N/A,no,no,no,2,0,2,14,Fresh Finds,mfn,$10.78,3,$10.78,$12.72,10.78,2.42,7.5,69.55 %,309.82 %,3.65,7.93,1,NA,N/A,$0.86,$0.00,0,$0.86,8.00%,$0.00,1,$0.00,$0.30 /lb,$0.00,$0.00,$0.00,$0.00,$0.00,0,$0.00,,0,"For better accuracy, we’ve used dimensions from  to provide more precise estimates,3 or less sellers","0.00, 0.00, 0.00 in, 0.00 lbs",0.00,0.00,0.00,0.00,N/A,Computer
"05/15/2025, 03:48 AM PDT","05/15/2025, 06:48 AM EDT","05/15/2025, 05:48 AM CDT","05/15/2025, 03:48 AM PDT","Alessi Bread Crumbs Italian,15 Oz (Pack Of 6)",112317725,30684542794,N/A,N/A,Alessi,Grocery,Breadcrumbs,N/A,N/A,N/A,https://i5.walmartimages.com/seo/Alessi-Bread-Crumbs-Italian-15-Oz-Pack-Of-6_cd40437f-28dd-4421-9bd2-12863c9da880_1.8776026038091f4004c5d7f0bf009043.jpeg,,N/A,https://www.walmart.com/ip/112317725,14.76,N/A,https://www.amazon.com/s?k=Alessi%20Bread%20Crumbs%20Italian%2C15%20Oz%20(Pack%20Of%206),https://www.ebay.com/sch/i.html?_nkw=Alessi%20Bread%20Crumbs%20Italian%2C15%20Oz%20(Pack%20Of%206),https://www.google.com/search?q=Alessi%20Bread%20Crumbs%20Italian%2C15%20Oz%20(Pack%20Of%206),https://seller.walmart.com/catalog/add-items?search=112317725,N/A,no,no,yes,1,0,0,222,Walmart.com,wmt,$28.40,222,$28.40,$28.40,28.4,14.76,9.38,33.03 %,63.55 %,17.25,19.31,1,NA,N/A,$4.26,$0.00,0,$4.26,15.00%,$0.00,1,$0.00,$0.30 /lb,$0.00,$0.00,$0.00,$0.00,$0.00,0,$0.00,5,2,"Walmart.com is on the listing,For better accuracy, we’ve used dimensions from  to provide more precise estimates,3 or less sellers","0.00, 0.00, 0.00 in, 0.00 lbs",0.00,0.00,0.00,0.00,N/A,Computer
"05/15/2025, 03:49 AM PDT","05/15/2025, 06:49 AM EDT","05/15/2025, 05:49 AM CDT","05/15/2025, 03:49 AM PDT","Alessi Rosemary Breadsticks, 3 Ounce (Pack of 12)",37460268,71072030554,N/A,N/A,Alessi,Grocery,Breadsticks,N/A,N/A,071072030554,https://i5.walmartimages.com/seo/Alessi-Rosemary-Breadsticks-3-Ounce-Pack-of-12_6aa90784-5300-4466-ac43-80580fac6704.c661472953bc228aefa5ad318f967794.jpeg,,N/A,https://www.walmart.com/ip/37460268,21.48,https://www.amazon.com/dp/B000FDN6Y4,https://www.amazon.com/s?k=Alessi%20Rosemary%20Breadsticks%2C%203%20Ounce%20(Pack%20of%2012),https://www.ebay.com/sch/i.html?_nkw=Alessi%20Rosemary%20Breadsticks%2C%203%20Ounce%20(Pack%20of%2012),https://www.google.com/search?q=Alessi%20Rosemary%20Breadsticks%2C%203%20Ounce%20(Pack%20of%2012),https://seller.walmart.com/catalog/add-items?search=37460268,N/A,no,no,no,1,0,1,4,Amber Worldwide,mfn,$35.32,4,$35.32,$35.32,35.32,21.48,-0.44,-1.26 %,-2.07 %,35.75,16.83,1,$27.99,100+ units sold this month on Amazon,$14.28,$7.35,0,$5.30,15.00%,$0.45,1,$1.19,$0.30 /lb,$1.19,$0.00,$0.00,$0.00,$0.00,0,$0.00,,0,"Pulling package information from B000FDN6Y4 via amazon.com,3 or less sellers","11.57, 11.26, 7.99 in, 3.95 lbs",11.57,11.26,7.99,3.95,N/A,Computer
"05/15/2025, 03:50 AM PDT","05/15/2025, 06:50 AM EDT","05/15/2025, 05:50 AM CDT","05/15/2025, 03:50 AM PDT","ALESSI, BREADSTICK SESAME, 4.4 OZ, (Pack of 12)",39494645,71072030523,N/A,N/A,Alessi,Grocery,Breadsticks,N/A,N/A,71072012161,https://i5.walmartimages.com/seo/ALESSI-BREADSTICK-SESAME-4-4-OZ-Pack-of-12_81493c67-c1e0-49d2-b9e2-2d752ad885f5.dfb524ecb6617364d4a870f511dc1460.png,,N/A,https://www.walmart.com/ip/39494645,21.48,https://www.amazon.com/dp/B0045VT3RG,https://www.amazon.com/s?k=ALESSI%2C%20BREADSTICK%20SESAME%2C%204.4%20OZ%2C%20(Pack%20of%2012),https://www.ebay.com/sch/i.html?_nkw=ALESSI%2C%20BREADSTICK%20SESAME%2C%204.4%20OZ%2C%20(Pack%20of%2012),https://www.google.com/search?q=ALESSI%2C%20BREADSTICK%20SESAME%2C%204.4%20OZ%2C%20(Pack%20of%2012),https://seller.walmart.com/catalog/add-items?search=39494645,N/A,no,yes,no,2,0,2,82,shopGourmet.com,mfn,$38.00,66,$38.00,$39.69,38,21.48,7.23,19.03 %,33.66 %,29.40,22.97,1,$7.75,50+ units sold this month on Amazon,$9.29,$3.45,0,$5.70,15.00%,$0.03,1,$0.10,$0.30 /lb,$0.10,$0.00,$0.00,$0.00,$0.00,0,$0.00,3,5,"Pulling package information from B0045VT3RG via amazon.com,3 or less sellers","11.14, 3.78, 1.85 in, 0.35 lbs",11.14,3.78,1.85,0.35,N/A,Computer
"05/15/2025, 03:51 AM PDT","05/15/2025, 06:51 AM EDT","05/15/2025, 05:51 AM CDT","05/15/2025, 03:51 AM PDT","Alessi Farro Butternut Squash & Kale, 7 oz",920367038,71072801369,N/A,N/A,Alessi,Grocery,Packaged Side Dishes,N/A,N/A,Unbranded,https://i5.walmartimages.com/seo/Alessi-Farro-Butternut-Squash-Kale-7-oz_290d6fed-7cc8-4d9c-828f-b4eb7ab7b672_1.91e554d401fe4f16a5a137936e1a1576.jpeg,,N/A,https://www.walmart.com/ip/920367038,2.48,https://www.amazon.com/dp/B078HTGHH8,https://www.amazon.com/s?k=Alessi%20Farro%20Butternut%20Squash%20%26%20Kale%2C%207%20oz,https://www.ebay.com/sch/i.html?_nkw=Alessi%20Farro%20Butternut%20Squash%20%26%20Kale%2C%207%20oz,https://www.google.com/search?q=Alessi%20Farro%20Butternut%20Squash%20%26%20Kale%2C%207%20oz,https://seller.walmart.com/catalog/add-items?search=920367038,N/A,no,no,no,1,0,1,3,Food E Concepts,mfn,$10.96,3,$10.96,$10.96,10.96,2.48,3.97,36.24 %,160.18 %,7.65,5.16,1,$9.95,N/A,$4.51,$3.45,0,$0.88,8.00%,$0.04,1,$0.14,$0.30 /lb,$0.14,$0.00,$0.00,$0.00,$0.00,0,$0.00,,0,"Pulling package information from B078HTGHH8 via amazon.com,3 or less sellers","9.21, 5.71, 1.61 in, 0.48 lbs",9.21,5.71,1.61,0.48,N/A,Computer
"05/15/2025, 03:53 AM PDT","05/15/2025, 06:53 AM EDT","05/15/2025, 05:53 AM CDT","05/15/2025, 03:53 AM PDT","Alessi Autentico, Premium Seasoned Roman Grain Farro, Cooks Like Risotto, Heart Healthy, Easy to Prepare, 7oz (Four Cheese, Pack of 6)",5295956971,0,N/A,N/A,Alessi Autentico,Grocery,Packaged Meals,N/A,N/A,N/A,https://i5.walmartimages.com/seo/Alessi-Autentico-Premium-Seasoned-Roman-Grain-Farro-Cooks-Like-Risotto-Heart-Healthy-Easy-to-Prepare-7oz-Four-Cheese-Pack-of-6_fd3f929d-2af0-464a-9b50-f806dc4abf3a.bbc945921181e97fdb060bf75cd54e39.jpeg,,N/A,https://www.walmart.com/ip/5295956971,14.88,https://www.amazon.com/dp/undefined,https://www.amazon.com/s?k=Alessi%20Autentico%2C%20Premium%20Seasoned%20Roman%20Grain%20Farro%2C%20Cooks%20Like%20Risotto%2C%20Heart%20Healthy%2C%20Easy%20to%20Prepare%2C%207oz%20(Four%20Cheese%2C%20Pack%20of%206),https://www.ebay.com/sch/i.html?_nkw=Alessi%20Autentico%2C%20Premium%20Seasoned%20Roman%20Grain%20Farro%2C%20Cooks%20Like%20Risotto%2C%20Heart%20Healthy%2C%20Easy%20to%20Prepare%2C%207oz%20(Four%20Cheese%2C%20Pack%20of%206),https://www.google.com/search?q=Alessi%20Autentico%2C%20Premium%20Seasoned%20Roman%20Grain%20Farro%2C%20Cooks%20Like%20Risotto%2C%20Heart%20Healthy%2C%20Easy%20to%20Prepare%2C%207oz%20(Four%20Cheese%2C%20Pack%20of%206),https://seller.walmart.com/catalog/add-items?search=5295956971,N/A,yes,no,no,1,0,1,13,Valyou General,mfn,$36.42,13,$36.42,$36.42,36.42,14.88,16.08,44.14 %,108.04 %,17.40,24.77,1,,N/A,$5.46,$0.00,0,$5.46,15.00%,$0.00,1,$0.00,$0.30 /lb,$0.00,$0.00,$0.00,$0.00,$0.00,0,$0.00,,0,"For better accuracy, we’ve used dimensions from  to provide more precise estimates,3 or less sellers","0.00, 0.00, 0.00 in, 0.00 lbs",0.00,0.00,0.00,0.00,N/A,Computer
"05/15/2025, 03:54 AM PDT","05/15/2025, 06:54 AM EDT","05/15/2025, 05:54 AM CDT","05/15/2025, 03:54 AM PDT","Alessi Farro Porcini Mushroom, 7 oz",997987874,71072801345,N/A,N/A,Alessi,Grocery,Grains,N/A,N/A,80134,https://i5.walmartimages.com/seo/Alessi-Farro-Porcini-Mushroom-7-oz_2c0fb881-f73b-4d56-9d76-33934670e61e_1.9218030c454ddf69cbf6ffd628f12062.jpeg,,N/A,https://www.walmart.com/ip/997987874,2.48,https://www.amazon.com/dp/B078HSBW94,https://www.amazon.com/s?k=Alessi%20Farro%20Porcini%20Mushroom%2C%207%20oz,https://www.ebay.com/sch/i.html?_nkw=Alessi%20Farro%20Porcini%20Mushroom%2C%207%20oz,https://www.google.com/search?q=Alessi%20Farro%20Porcini%20Mushroom%2C%207%20oz,https://seller.walmart.com/catalog/add-items?search=997987874,N/A,no,no,no,3,1,2,9825,Third Eye Market,wfs,$8.99,1,$6.99,$8.99,10,2.48,3.11,31.09 %,125.36 %,7.60,4.47,1,OOS,N/A,$4.41,$3.45,0,$0.80,8.00%,$0.02,1,$0.14,$0.30 /lb,$0.14,$0.00,$0.00,$0.00,$0.00,0,$0.00,,0,"Pulling package information from B078HSBW94 via amazon.com,3 or less sellers","7.64, 5.51, 0.94 in, 0.48 lbs",7.64,5.51,0.94,0.48,N/A,Computer
"05/15/2025, 04:01 AM PDT","05/15/2025, 07:01 AM EDT","05/15/2025, 06:01 AM CDT","05/15/2025, 04:01 AM PDT","Alessi Premium Balsamic Vinegar Organic White Balsamic , 8.5 oz, Crystal Bottle",38491393,71072011737,N/A,N/A,Alessi,Grocery,Vinegars,N/A,N/A,71072003145,https://i5.walmartimages.com/seo/Alessi-Premium-Balsamic-Vinegar-Organic-White-Balsamic-8-5-oz-Crystal-Bottle_a8ba3cee-dae8-45da-85a2-5dcb19c261cf.8250d97183d22cfb12f3972376cac02b.jpeg,,N/A,https://www.walmart.com/ip/38491393,3.29,https://www.amazon.com/dp/B00E3X32FU,https://www.amazon.com/s?k=Alessi%20Premium%20Balsamic%20Vinegar%20Organic%20White%20Balsamic%20%2C%208.5%20oz%2C%20Crystal%20Bottle,https://www.ebay.com/sch/i.html?_nkw=Alessi%20Premium%20Balsamic%20Vinegar%20Organic%20White%20Balsamic%20%2C%208.5%20oz%2C%20Crystal%20Bottle,https://www.google.com/search?q=Alessi%20Premium%20Balsamic%20Vinegar%20Organic%20White%20Balsamic%20%2C%208.5%20oz%2C%20Crystal%20Bottle,https://seller.walmart.com/catalog/add-items?search=38491393,N/A,no,no,no,0,0,0,0,N/A,N/A,0,,,Price,10.03,3.29,2.31,23.05 %,70.28 %,8.50,4.48,1,$19.99,N/A,$4.43,$3.45,0,$0.80,8.00%,$0.02,1,$0.16,$0.30 /lb,$0.16,$0.00,$0.00,$0.00,$0.00,0,$0.00,,0,"Walmart.com is on the listing,3 or less sellers","2.25, 2.25, 7.50 in, 0.53 lbs",2.25,2.25,7.50,0.53,N/A,Computer
"05/15/2025, 04:03 AM PDT","05/15/2025, 07:03 AM EDT","05/15/2025, 06:03 AM CDT","05/15/2025, 04:03 AM PDT","Alessi Vinegar White Balsamic Raspberry Blush, 8.5 fl. oz.",15056073,71072011362,N/A,N/A,Alessi,Grocery,Vinegars,N/A,N/A,00035062,https://i5.walmartimages.com/seo/Alessi-Vinegar-White-Balsamic-Raspberry-Blush-8-5-fl-oz_2bce9879-0c92-49f0-8006-ebabe90a98c8.09215af214484b726757c3ea66f1bd14.jpeg,,N/A,https://www.walmart.com/ip/15056073,2.41,https://www.amazon.com/dp/B004AH2K2U,https://www.amazon.com/s?k=Alessi%20Vinegar%20White%20Balsamic%20Raspberry%20Blush%2C%208.5%20fl.%20oz.,https://www.ebay.com/sch/i.html?_nkw=Alessi%20Vinegar%20White%20Balsamic%20Raspberry%20Blush%2C%208.5%20fl.%20oz.,https://www.google.com/search?q=Alessi%20Vinegar%20White%20Balsamic%20Raspberry%20Blush%2C%208.5%20fl.%20oz.,https://seller.walmart.com/catalog/add-items?search=15056073,N/A,no,no,no,3,0,3,175,WF Market,mfn,$9.65,25,$9.65,$10.99,9.65,2.41,0.18,1.86 %,7.44 %,9.35,2.07,1,$24.73,N/A,$7.06,$4.95,0,$0.77,8.00%,$0.01,1,$1.32,$0.30 /lb,$0.32,$0.00,$0.00,$0.00,$0.00,0,$0.00,4.1,7,3 or less sellers,"2.20, 2.20, 7.00 in, 1.08 lbs",2.20,2.20,7.00,1.08,N/A,Computer
"05/15/2025, 04:05 AM PDT","05/15/2025, 07:05 AM EDT","05/15/2025, 06:05 AM CDT","05/15/2025, 04:05 AM PDT","(6 Pack)Alessi - Pomodoro Risotto - Sun Dried Tomatoes, 8 oz.",741964244,0,N/A,N/A,Alessi,Grocery,Packaged Meals,N/A,N/A,N/A,https://i5.walmartimages.com/seo/6-Pack-Alessi-Pomodoro-Risotto-Sun-Dried-Tomatoes-8-oz_3ebd7780-d528-4028-acb1-a6664519eb89_1.cc96ff09daaab84f0f21eed2629afe53.jpeg,,N/A,https://www.walmart.com/ip/741964244,14.88,https://www.amazon.com/dp/undefined,https://www.amazon.com/s?k=(6%20Pack)Alessi%20-%20Pomodoro%20Risotto%20-%20Sun%20Dried%20Tomatoes%2C%208%20oz.,https://www.ebay.com/sch/i.html?_nkw=(6%20Pack)Alessi%20-%20Pomodoro%20Risotto%20-%20Sun%20Dried%20Tomatoes%2C%208%20oz.,https://www.google.com/search?q=(6%20Pack)Alessi%20-%20Pomodoro%20Risotto%20-%20Sun%20Dried%20Tomatoes%2C%208%20oz.,https://seller.walmart.com/catalog/add-items?search=741964244,N/A,no,no,no,0,0,0,0,N/A,N/A,0,,,Price,34.71,14.88,14.62,42.13 %,98.28 %,17.40,23.60,1,,N/A,$5.21,$0.00,0,$5.21,15.00%,$0.00,1,$0.00,$0.30 /lb,$0.00,$0.00,$0.00,$0.00,$0.00,0,$0.00,,0,"For better accuracy, we’ve used dimensions from  to provide more precise estimates,3 or less sellers","0.00, 0.00, 0.00 in, 0.00 lbs",0.00,0.00,0.00,0.00,N/A,Computer
"05/15/2025, 04:06 AM PDT","05/15/2025, 07:06 AM EDT","05/15/2025, 06:06 AM CDT","05/15/2025, 04:06 AM PDT","Alessi Risotto with Cheese and Broccolini Rice, 8 oz, Contains Milk",47707995,71072003152,N/A,N/A,Alessi,Grocery,Rice,N/A,N/A,71072012482,https://i5.walmartimages.com/seo/Alessi-Risotto-with-Cheese-and-Broccolini-Rice-8-oz-Contains-Milk_a63638ea-0c7b-4da4-9e80-fd6d43379ce2.25b5d99cdd410cae51b302866189f34b.jpeg,,N/A,https://www.walmart.com/ip/47707995,2.48,https://www.amazon.com/dp/B01IZ884LU,https://www.amazon.com/s?k=Alessi%20Risotto%20with%20Cheese%20and%20Broccolini%20Rice%2C%208%20oz%2C%20Contains%20Milk,https://www.ebay.com/sch/i.html?_nkw=Alessi%20Risotto%20with%20Cheese%20and%20Broccolini%20Rice%2C%208%20oz%2C%20Contains%20Milk,https://www.google.com/search?q=Alessi%20Risotto%20with%20Cheese%20and%20Broccolini%20Rice%2C%208%20oz%2C%20Contains%20Milk,https://seller.walmart.com/catalog/add-items?search=47707995,N/A,yes,no,no,1,0,1,3,Pro Dispatch Services,mfn,$11.58,3,$11.58,$11.58,11.58,2.48,4.58,39.57 %,184.79 %,7.60,5.65,1,$10.95,N/A,$4.52,$3.45,0,$0.93,8.00%,$0.01,1,$0.13,$0.30 /lb,$0.13,$0.00,$0.00,$0.00,$0.00,0,$0.00,4.5,40,"Pulling package information from B01IZ884LU via amazon.com,3 or less sellers","7.76, 5.59, 0.63 in, 0.43 lbs",7.76,5.59,0.63,0.43,N/A,Computer
"05/15/2025, 04:07 AM PDT","05/15/2025, 07:07 AM EDT","05/15/2025, 06:07 AM CDT","05/15/2025, 04:07 AM PDT","Alessi Premium Risotto Cacio e Pepe, With Cheese & Black Pepper, 6.5oz (Pack of 6), Shelf Stable",1106917533,71072803110,N/A,N/A,Alessi,Grocery,Packaged Meals,N/A,N/A,N/A,https://i5.walmartimages.com/seo/Alessi-Premium-Risotto-Cacio-e-Pepe-With-Cheese-Black-Pepper-6-5oz-Pack-of-6-Shelf-Stable_877d8481-1bf8-4c00-be78-67b1ac85a2c9.9bd567341eb6c19b2487d5c6f039e252.jpeg,,N/A,https://www.walmart.com/ip/1106917533,14.88,https://www.amazon.com/dp/B0BXBP7193,https://www.amazon.com/s?k=Alessi%20Premium%20Risotto%20Cacio%20e%20Pepe%2C%20With%20Cheese%20%26%20Black%20Pepper%2C%206.5oz%20(Pack%20of%206)%2C%20Shelf%20Stable,https://www.ebay.com/sch/i.html?_nkw=Alessi%20Premium%20Risotto%20Cacio%20e%20Pepe%2C%20With%20Cheese%20%26%20Black%20Pepper%2C%206.5oz%20(Pack%20of%206)%2C%20Shelf%20Stable,https://www.google.com/search?q=Alessi%20Premium%20Risotto%20Cacio%20e%20Pepe%2C%20With%20Cheese%20%26%20Black%20Pepper%2C%206.5oz%20(Pack%20of%206)%2C%20Shelf%20Stable,https://seller.walmart.com/catalog/add-items?search=1106917533,N/A,no,no,no,0,0,0,0,N/A,N/A,0,,,Price,32.75,14.88,9.47,28.91 %,63.63 %,21.50,19.48,1,$6.22,N/A,$8.40,$3.45,0,$4.91,15.00%,$0.03,1,$0.01,$0.30 /lb,$0.01,$0.00,$0.00,$0.00,$0.00,0,$0.00,,0,"Pulling package information from B0BXBP7193 via amazon.com,3 or less sellers","7.68, 5.55, 1.50 in, 0.04 lbs",7.68,5.55,1.50,0.04,N/A,Computer
"05/15/2025, 04:07 AM PDT","05/15/2025, 07:07 AM EDT","05/15/2025, 06:07 AM CDT","05/15/2025, 04:07 AM PDT","Alessi Risotto Alla Milanese, 8 oz Bag, Shelf Stable",10413723,71072003107,N/A,N/A,Alessi,Grocery,Packaged Meals,N/A,N/A,00023348,https://i5.walmartimages.com/seo/Alessi-Risotto-Alla-Milanese-8-oz-Bag-Shelf-Stable_f0ffdda5-6e50-41c4-bdb0-abe2adb40bce.fbfc81877307e0c872c2629d580cb709.jpeg,,N/A,https://www.walmart.com/ip/10413723,2.48,https://www.amazon.com/dp/B00KOBBQUI,https://www.amazon.com/s?k=Alessi%20Risotto%20Alla%20Milanese%2C%208%20oz%20Bag%2C%20Shelf%20Stable,https://www.ebay.com/sch/i.html?_nkw=Alessi%20Risotto%20Alla%20Milanese%2C%208%20oz%20Bag%2C%20Shelf%20Stable,https://www.google.com/search?q=Alessi%20Risotto%20Alla%20Milanese%2C%208%20oz%20Bag%2C%20Shelf%20Stable,https://seller.walmart.com/catalog/add-items?search=10413723,N/A,no,no,no,1,0,1,21,Food E Concepts,mfn,$9.99,21,$9.99,$9.99,9.99,2.48,2.07,20.76 %,83.62 %,7.65,3.64,1,$11.27,N/A,$5.44,$3.45,0,$0.80,8.00%,$0.03,1,$1.16,$0.30 /lb,$0.16,$0.00,$0.00,$0.00,$0.00,0,$0.00,4.5,4,"Pulling package information from B00KOBBQUI via amazon.com,3 or less sellers","7.44, 5.39, 1.61 in, 0.53 lbs",7.44,5.39,1.61,0.53,N/A,Computer
"05/15/2025, 04:08 AM PDT","05/15/2025, 07:08 AM EDT","05/15/2025, 06:08 AM CDT","05/15/2025, 04:08 AM PDT","Alessi Risotto Con Funghi Porcini, 8 oz Bag, Allergens Not Contained",10413732,71072003121,Single,2,Alessi,Grocery,Rice,N/A,N/A,23349,https://i5.walmartimages.com/seo/Alessi-Risotto-Con-Funghi-Porcini-8-oz-Bag-Allergens-Not-Contained_70f92e97-49fa-4de5-b86f-a80d9c7b3c3d.e05df50def969363dcfd422927abaab9.jpeg,,N/A,https://www.walmart.com/ip/10413732,2.48,https://www.amazon.com/dp/B00EJRURHG,https://www.amazon.com/s?k=Alessi%20Risotto%20Con%20Funghi%20Porcini%2C%208%20oz%20Bag%2C%20Allergens%20Not%20Contained,https://www.ebay.com/sch/i.html?_nkw=Alessi%20Risotto%20Con%20Funghi%20Porcini%2C%208%20oz%20Bag%2C%20Allergens%20Not%20Contained,https://www.google.com/search?q=Alessi%20Risotto%20Con%20Funghi%20Porcini%2C%208%20oz%20Bag%2C%20Allergens%20Not%20Contained,https://seller.walmart.com/catalog/add-items?search=10413732,N/A,yes,yes,no,1,0,1,85,iHerb,mfn,$9.15,85,$9.15,$9.15,9.15,2.48,-0.33,-3.61 %,-13.32 %,9.45,1.72,1,$33.09,N/A,$7.00,$4.95,0,$0.73,8.00%,$0.03,1,$1.28,$0.30 /lb,$0.28,$0.00,$0.00,$0.00,$0.00,0,$0.00,4.3,57,"The listing has 2 variations,Pulling package information from B00EJRURHG via amazon.com,3 or less sellers","7.72, 5.51, 1.81 in, 0.95 lbs",7.72,5.51,1.81,0.95,N/A,Computer
"05/15/2025, 04:09 AM PDT","05/15/2025, 07:09 AM EDT","05/15/2025, 06:09 AM CDT","05/15/2025, 04:09 AM PDT","Alessi Paella Italian Style Shipper,17oz, Shelf Stable, Paperboard Box",689734980,71072804308,N/A,N/A,HADDAR,Grocery,Packaged Meals,N/A,N/A,N/A,https://i5.walmartimages.com/seo/Alessi-Paella-Italian-Style-Shipper-17oz-Shelf-Stable-Paperboard-Box_acc70b7a-e1a0-4677-bbb3-f61ebe8ce1b1.3f9be4624bc7275de43d19ad9f505ad8.jpeg,,N/A,https://www.walmart.com/ip/689734980,5.09,N/A,https://www.amazon.com/s?k=Alessi%20Paella%20Italian%20Style%20Shipper%2C17oz%2C%20Shelf%20Stable%2C%20Paperboard%20Box,https://www.ebay.com/sch/i.html?_nkw=Alessi%20Paella%20Italian%20Style%20Shipper%2C17oz%2C%20Shelf%20Stable%2C%20Paperboard%20Box,https://www.google.com/search?q=Alessi%20Paella%20Italian%20Style%20Shipper%2C17oz%2C%20Shelf%20Stable%2C%20Paperboard%20Box,https://seller.walmart.com/catalog/add-items?search=689734980,N/A,no,no,no,0,0,0,0,N/A,N/A,0,,,Price,10.34,5.09,4.42,42.77 %,86.89 %,6.55,7.61,1,NA,N/A,$0.83,$0.00,0,$0.83,8.00%,$0.00,1,$0.00,$0.30 /lb,$0.00,$0.00,$0.00,$0.00,$0.00,0,$0.00,,0,"Walmart.com is on the listing,For better accuracy, we’ve used dimensions from  to provide more precise estimates,3 or less sellers","0.00, 0.00, 0.00 in, 0.00 lbs",0.00,0.00,0.00,0.00,N/A,Computer
"05/15/2025, 04:11 AM PDT","05/15/2025, 07:11 AM EDT","05/15/2025, 06:11 AM CDT","05/15/2025, 04:11 AM PDT",Alessi Coarse Sea Salt Grinder -- 2.83 Oz Packaging May Vary,14842110537,100142277022,N/A,N/A,Alessi,Grocery,Salt,N/A,N/A,N/A,https://i5.walmartimages.com/seo/Alessi-Coarse-Sea-Salt-Grinder-2-83-Oz-Packaging-May-Vary_1245a686-8669-432b-bc31-3960beb042da.25d86b4e07b7cb4bf00f2f875ed81210.jpeg,,N/A,https://www.walmart.com/ip/14842110537,1.77,N/A,https://www.amazon.com/s?k=Alessi%20Coarse%20Sea%20Salt%20Grinder%20--%202.83%20Oz%20Packaging%20May%20Vary,https://www.ebay.com/sch/i.html?_nkw=Alessi%20Coarse%20Sea%20Salt%20Grinder%20--%202.83%20Oz%20Packaging%20May%20Vary,https://www.google.com/search?q=Alessi%20Coarse%20Sea%20Salt%20Grinder%20--%202.83%20Oz%20Packaging%20May%20Vary,https://seller.walmart.com/catalog/add-items?search=14842110537,N/A,no,no,no,1,0,1,10,Fresh Finds,mfn,$9.72,10,$9.72,$9.72,9.72,1.77,6.17,63.50 %,348.72 %,2.95,6.35,1,NA,N/A,$1.78,$0.00,0,$0.78,8.00%,$0.00,1,$1.00,$0.30 /lb,$0.00,$0.00,$0.00,$0.00,$0.00,0,$0.00,,0,"For better accuracy, we’ve used dimensions from  to provide more precise estimates,3 or less sellers","0.00, 0.00, 0.00 in, 0.00 lbs",0.00,0.00,0.00,0.00,N/A,Computer
"05/15/2025, 04:17 AM PDT","05/15/2025, 07:17 AM EDT","05/15/2025, 06:17 AM CDT","05/15/2025, 04:17 AM PDT",Alessi Mix Soup Shelf-Stable Sicilian Chicken 6 Pack of 6 oz Aluminum Bag,29892170,71072003756,N/A,N/A,Vidux Wholesale,Grocery,Prepared & Packaged Soups,N/A,148909,67027,https://i5.walmartimages.com/seo/Alessi-Mix-Soup-Shelf-Stable-Sicilian-Chicken-6-Pack-of-6-oz-Aluminum-Bag_bcdee69f-d90a-4af0-abda-2fac58154760.9b9b8276b8c1c0cd85635e674c6443d5.jpeg,,N/A,https://www.walmart.com/ip/29892170,13.02,https://www.amazon.com/dp/B075NRCHT2,https://www.amazon.com/s?k=Alessi%20Mix%20Soup%20Shelf-Stable%20Sicilian%20Chicken%206%20Pack%20of%206%20oz%20Aluminum%20Bag,https://www.ebay.com/sch/i.html?_nkw=Alessi%20Mix%20Soup%20Shelf-Stable%20Sicilian%20Chicken%206%20Pack%20of%206%20oz%20Aluminum%20Bag,https://www.google.com/search?q=Alessi%20Mix%20Soup%20Shelf-Stable%20Sicilian%20Chicken%206%20Pack%20of%206%20oz%20Aluminum%20Bag,https://seller.walmart.com/catalog/add-items?search=29892170,N/A,no,no,no,4,1,3,28,MerlinsMart,wfs,$26.95,2,$26.95,$32.89,26.95,13.02,6.28,23.30 %,48.23 %,19.45,15.44,1,$6.58,N/A,$7.65,$3.45,0,$4.04,15.00%,$0.03,1,$0.13,$0.30 /lb,$0.13,$0.00,$0.00,$0.00,$0.00,0,$0.00,5,2,Pulling package information from B075NRCHT2 via amazon.com,"7.09, 6.61, 1.57 in, 0.42 lbs",7.09,6.61,1.57,0.42,N/A,Computer
"05/15/2025, 04:18 AM PDT","05/15/2025, 07:18 AM EDT","05/15/2025, 06:18 AM CDT","05/15/2025, 04:18 AM PDT","Alessi Premium Sicilian Lentil Soup Lenticchie, 6 oz, Shelf Stable, Paper Packet",15728832,71072003725,N/A,N/A,Alessi,Grocery,Prepared & Packaged Soups,N/A,0870410,0870410,https://i5.walmartimages.com/seo/Alessi-Premium-Sicilian-Lentil-Soup-Lenticchie-6-oz-Shelf-Stable-Paper-Packet_064106a7-d5e7-4f3f-be6d-b5a56597d8dc.fa54c093da55e770b6c779b1aab68e72.jpeg,,N/A,https://www.walmart.com/ip/15728832,2.17,https://www.amazon.com/dp/B00IV6OF4W,https://www.amazon.com/s?k=Alessi%20Premium%20Sicilian%20Lentil%20Soup%20Lenticchie%2C%206%20oz%2C%20Shelf%20Stable%2C%20Paper%20Packet,https://www.ebay.com/sch/i.html?_nkw=Alessi%20Premium%20Sicilian%20Lentil%20Soup%20Lenticchie%2C%206%20oz%2C%20Shelf%20Stable%2C%20Paper%20Packet,https://www.google.com/search?q=Alessi%20Premium%20Sicilian%20Lentil%20Soup%20Lenticchie%2C%206%20oz%2C%20Shelf%20Stable%2C%20Paper%20Packet,https://seller.walmart.com/catalog/add-items?search=15728832,N/A,no,no,no,1,0,1,9995,Online Grocery Outlet,mfn,$6.99,9995,$6.99,$6.99,6.99,2.17,3.26,46.65 %,150.27 %,3.35,4.34,1,$10.94,N/A,$1.56,$0.00,0,$0.56,8.00%,$0.00,1,$1.00,$0.30 /lb,$0.00,$0.00,$0.00,$0.00,$0.00,0,$0.00,1,1,"For better accuracy, we’ve used dimensions from  to provide more precise estimates,3 or less sellers","0.00, 0.00, 0.00 in, 0.00 lbs",0.00,0.00,0.00,0.00,N/A,Computer
"05/15/2025, 04:19 AM PDT","05/15/2025, 07:19 AM EDT","05/15/2025, 06:19 AM CDT","05/15/2025, 04:19 AM PDT","Vigo Importing Alessi Shelf-Stable Split Pea Soup, 6 oz Aluminum Bag",15728834,71072003763,N/A,N/A,Alessi,Grocery,Prepared & Packaged Soups,N/A,N/A,0870428,https://i5.walmartimages.com/seo/Vigo-Importing-Alessi-Shelf-Stable-Split-Pea-Soup-6-oz-Aluminum-Bag_3fb229e7-2760-424b-8b80-9b685b6b9203.57252cd95809dbbf630f2c13ab79fc96.jpeg,,N/A,https://www.walmart.com/ip/15728834,2.17,https://www.amazon.com/dp/B00IV6OGT6,https://www.amazon.com/s?k=Vigo%20Importing%20Alessi%20Shelf-Stable%20Split%20Pea%20Soup%2C%206%20oz%20Aluminum%20Bag,https://www.ebay.com/sch/i.html?_nkw=Vigo%20Importing%20Alessi%20Shelf-Stable%20Split%20Pea%20Soup%2C%206%20oz%20Aluminum%20Bag,https://www.google.com/search?q=Vigo%20Importing%20Alessi%20Shelf-Stable%20Split%20Pea%20Soup%2C%206%20oz%20Aluminum%20Bag,https://seller.walmart.com/catalog/add-items?search=15728834,N/A,no,yes,no,1,0,1,9999,Online Grocery Outlet,mfn,$7.99,9999,$7.99,$7.99,7.99,2.17,0.59,7.35 %,27.07 %,7.25,2.21,1,$5.19,N/A,$5.23,$3.45,0,$0.64,8.00%,$0.01,1,$1.14,$0.30 /lb,$0.14,$0.00,$0.00,$0.00,$0.00,0,$0.00,5,2,"Pulling package information from B00IV6OGT6 via amazon.com,3 or less sellers","7.99, 4.09, 0.59 in, 0.45 lbs",7.99,4.09,0.59,0.45,N/A,Computer
"05/15/2025, 04:20 AM PDT","05/15/2025, 07:20 AM EDT","05/15/2025, 06:20 AM CDT","05/15/2025, 04:20 AM PDT","Vigo Alessi Zuppa Toscana Tuscan White Bean Soup, 6 oz Bag",15728833,71072003749,N/A,N/A,Alessi,Grocery,Prepared & Packaged Soups,N/A,20086,20086,https://i5.walmartimages.com/seo/Vigo-Alessi-Zuppa-Toscana-Tuscan-White-Bean-Soup-6-oz-Bag_ff34a931-530c-4b38-9f83-8a7bd426c782.4bc49ecd1f0a7f04e460db87a1dd2a8d.jpeg,,N/A,https://www.walmart.com/ip/15728833,2.17,https://www.amazon.com/dp/B00KOBC6AM,https://www.amazon.com/s?k=Vigo%20Alessi%20Zuppa%20Toscana%20Tuscan%20White%20Bean%20Soup%2C%206%20oz%20Bag,https://www.ebay.com/sch/i.html?_nkw=Vigo%20Alessi%20Zuppa%20Toscana%20Tuscan%20White%20Bean%20Soup%2C%206%20oz%20Bag,https://www.google.com/search?q=Vigo%20Alessi%20Zuppa%20Toscana%20Tuscan%20White%20Bean%20Soup%2C%206%20oz%20Bag,https://seller.walmart.com/catalog/add-items?search=15728833,N/A,no,no,no,1,1,0,8,Super Savings Now,wfs,$8.10,8,$8.10,$8.10,8.1,2.17,4.28,52.86 %,197.33 %,3.35,5.16,1,$46.07,N/A,$1.65,$0.00,0,$0.65,8.00%,$0.00,1,$1.00,$0.30 /lb,$0.00,$0.00,$0.00,$0.00,$0.00,0,$0.00,5,3,"For better accuracy, we’ve used dimensions from  to provide more precise estimates,3 or less sellers","0.00, 0.00, 0.00 in, 0.00 lbs",0.00,0.00,0.00,0.00,N/A,Computer
"05/15/2025, 04:22 AM PDT","05/15/2025, 07:22 AM EDT","05/15/2025, 06:22 AM CDT","05/15/2025, 04:22 AM PDT","Pack of 6, Alessi Sun Dried Tomatoes in Oil, 7 oz",15334724293,460293806732,N/A,N/A,Alessi,Grocery,Canned & Jarred Vegetables,N/A,N/A,N/A,https://i5.walmartimages.com/seo/Pack-of-6-Alessi-Sun-Dried-Tomatoes-in-Oil-7-oz_45ecbab8-0e39-407d-9cd3-f3f93d6c3c2a.318701bcb9a1e4b6215a7ad1ce02550d.png,,N/A,https://www.walmart.com/ip/15334724293,24.3,N/A,https://www.amazon.com/s?k=Pack%20of%206%2C%20Alessi%20Sun%20Dried%20Tomatoes%20in%20Oil%2C%207%20oz,https://www.ebay.com/sch/i.html?_nkw=Pack%20of%206%2C%20Alessi%20Sun%20Dried%20Tomatoes%20in%20Oil%2C%207%20oz,https://www.google.com/search?q=Pack%20of%206%2C%20Alessi%20Sun%20Dried%20Tomatoes%20in%20Oil%2C%207%20oz,https://seller.walmart.com/catalog/add-items?search=15334724293,N/A,no,no,no,1,0,1,75,shopGourmet.com,mfn,$41.05,75,$41.05,$41.05,41.05,24.3,3.16,7.69 %,12.99 %,37.25,21.96,1,NA,N/A,$13.59,$6.15,0,$6.16,15.00%,$0.15,1,$1.14,$0.30 /lb,$1.14,$0.00,$0.00,$0.00,$0.00,0,$0.00,,0,"For better accuracy, we’ve used dimensions from B001SAYNDG to provide more precise estimates,3 or less sellers","11.30, 6.22, 4.92 in, 3.79 lbs",11.30,6.22,4.92,3.79,N/A,Computer
"05/15/2025, 04:24 AM PDT","05/15/2025, 07:24 AM EDT","05/15/2025, 06:24 AM CDT","05/15/2025, 04:24 AM PDT","Alessi Tomato Paste, 4.9 oz",47911316,71072001905,N/A,N/A,Alessi,Grocery,Cooking Sauces & Marinades,N/A,N/A,001EGESS6FDEQK3,https://i5.walmartimages.com/seo/Alessi-Tomato-Paste-4-9-oz_0911d302-9805-4bdf-85a1-7ee6f4699e8e_1.a58a0360b977323be78dbb432349ff4f.jpeg,,N/A,https://www.walmart.com/ip/47911316,2.12,https://www.amazon.com/dp/B078HPHLPQ,https://www.amazon.com/s?k=Alessi%20Tomato%20Paste%2C%204.9%20oz,https://www.ebay.com/sch/i.html?_nkw=Alessi%20Tomato%20Paste%2C%204.9%20oz,https://www.google.com/search?q=Alessi%20Tomato%20Paste%2C%204.9%20oz,https://seller.walmart.com/catalog/add-items?search=47911316,N/A,no,no,no,1,0,1,22,theLowex,mfn,$12.95,22,$12.95,$12.95,12.95,2.12,6.24,48.18 %,294.29 %,7.15,6.69,1,$9.99,N/A,$4.59,$3.45,0,$1.04,8.00%,$0.01,1,$0.09,$0.30 /lb,$0.09,$0.00,$0.00,$0.00,$0.00,0,$0.00,,0,3 or less sellers,"1.75, 1.95, 8.10 in, 0.31 lbs",1.75,1.95,8.10,0.31,N/A,Computer
"05/15/2025, 04:27 AM PDT","05/15/2025, 07:27 AM EDT","05/15/2025, 06:27 AM CDT","05/15/2025, 04:27 AM PDT","Alessi Reduction, White Balsamic, 8.5 Fl Oz",46410170,71072021811,N/A,N/A,Alessi,Grocery,Vinegars,N/A,N/A,1158062,https://i5.walmartimages.com/seo/Alessi-Reduction-White-Balsamic-8-5-Fl-Oz_1bb9788d-63c1-4cf6-aa14-e7c78d40c355_1.ae07c2d9bbe52a0562d59ad628b23c99.jpeg,,N/A,https://www.walmart.com/ip/46410170,4.19,https://www.amazon.com/dp/B00E3XAECY,https://www.amazon.com/s?k=Alessi%20Reduction%2C%20White%20Balsamic%2C%208.5%20Fl%20Oz,https://www.ebay.com/sch/i.html?_nkw=Alessi%20Reduction%2C%20White%20Balsamic%2C%208.5%20Fl%20Oz,https://www.google.com/search?q=Alessi%20Reduction%2C%20White%20Balsamic%2C%208.5%20Fl%20Oz,https://seller.walmart.com/catalog/add-items?search=46410170,N/A,no,no,no,1,0,1,9991,Online Grocery Outlet,mfn,$16.93,9991,$16.93,$16.93,16.93,4.19,4.77,28.18 %,113.85 %,10.35,7.17,1,$9.63,200+ units sold this month on Amazon,$7.97,$4.95,0,$2.54,15.00%,$0.03,1,$0.45,$0.30 /lb,$0.45,$0.00,$0.00,$0.00,$0.00,0,$0.00,,0,3 or less sellers,"1.00, 4.80, 14.50 in, 1.50 lbs",1.00,4.80,14.50,1.50,N/A,Computer
"05/15/2025, 04:38 AM PDT","05/15/2025, 07:38 AM EDT","05/15/2025, 06:38 AM CDT","05/15/2025, 04:38 AM PDT","All Natural Health Trail Mix, (10 Pounds)",105782614,618645241520,N/A,N/A,Nassau Candy,Grocery,Trail Mixes,N/A,N/A,N/A,https://i5.walmartimages.com/seo/All-Natural-Health-Trail-Mix-10-Pounds_d14da9ea-fa8b-464f-9b82-9010d644fbbb.c6677016c5d93ccef46386c0174699d0.jpeg,,N/A,https://www.walmart.com/ip/105782614,46.8,N/A,https://www.amazon.com/s?k=All%20Natural%20Health%20Trail%20Mix%2C%20(10%20Pounds),https://www.ebay.com/sch/i.html?_nkw=All%20Natural%20Health%20Trail%20Mix%2C%20(10%20Pounds),https://www.google.com/search?q=All%20Natural%20Health%20Trail%20Mix%2C%20(10%20Pounds),https://seller.walmart.com/catalog/add-items?search=105782614,N/A,no,no,no,2,0,2,3,Hawaiian Lake,mfn,$69.90,1,$69.90,$70.00,69.9,46.8,12.62,18.05 %,26.96 %,54.95,47.53,1,NA,N/A,$10.48,$0.00,0,$10.48,15.00%,$0.00,1,$0.00,$0.30 /lb,$0.00,$0.00,$0.00,$0.00,$0.00,0,$0.00,3,1,"For better accuracy, we’ve used dimensions from  to provide more precise estimates,3 or less sellers","0.00, 0.00, 0.00 in, 0.00 lbs",0.00,0.00,0.00,0.00,N/A,Computer
"05/15/2025, 04:44 AM PDT","05/15/2025, 07:44 AM EDT","05/15/2025, 06:44 AM CDT","05/15/2025, 04:44 AM PDT","Allegro Brisket & Fajita Sauce, 2-Pack 16 fl. oz. Bottles 795445",381454707,42677831846,N/A,N/A,Allegro,Grocery,Cooking Sauces & Marinades,N/A,N/A,N/A,https://i5.walmartimages.com/seo/Allegro-Brisket-Fajita-Sauce-2-Pack-16-fl-oz-Bottles-795445_34253b3b-afa1-4d14-9c43-8077392a3baf.a1002e2094c6c7ffbb00278a1661c80b.jpeg,,N/A,https://www.walmart.com/ip/381454707,7.06,N/A,https://www.amazon.com/s?k=Allegro%20Brisket%20%26%20Fajita%20Sauce%2C%202-Pack%2016%20fl.%20oz.%20Bottles%20795445,https://www.ebay.com/sch/i.html?_nkw=Allegro%20Brisket%20%26%20Fajita%20Sauce%2C%202-Pack%2016%20fl.%20oz.%20Bottles%20795445,https://www.google.com/search?q=Allegro%20Brisket%20%26%20Fajita%20Sauce%2C%202-Pack%2016%20fl.%20oz.%20Bottles%20795445,https://seller.walmart.com/catalog/add-items?search=381454707,N/A,no,no,no,2,1,1,12,Think Gourmet,wfs,$18.00,7,$18.00,$29.99,18,7.06,2.36,13.11 %,33.44 %,14.00,7.54,1,NA,N/A,$8.58,$5.45,0,$2.70,15.00%,$0.13,1,$0.30,$0.30 /lb,$0.30,$0.00,$0.00,$0.00,$0.00,0,$0.00,,0,"For better accuracy, we’ve used dimensions from B08JJDM9TD to provide more precise estimates,3 or less sellers","10.00, 7.01, 4.25 in, 1.00 lbs",10.00,7.01,4.25,1.00,N/A,Computer
"05/15/2025, 04:45 AM PDT","05/15/2025, 07:45 AM EDT","05/15/2025, 06:45 AM CDT","05/15/2025, 04:45 AM PDT",Allegro KHFM00333536 12.7 oz Honey Garlic Marinade,357194892,74964200202,N/A,N/A,Allegro,Grocery,Cooking Sauces & Marinades,N/A,N/A,KHFM00333536,https://i5.walmartimages.com/seo/Allegro-KHFM00333536-12-7-oz-Honey-Garlic-Marinade_05bc885a-a85d-4fd2-bd36-c68128cd1349.d15b02bb7d1aa9bc46ccd30360c24a61.jpeg,,N/A,https://www.walmart.com/ip/357194892,3.53,https://www.amazon.com/dp/B07N1S1D6B,https://www.amazon.com/s?k=Allegro%20KHFM00333536%2012.7%20oz%20Honey%20Garlic%20Marinade,https://www.ebay.com/sch/i.html?_nkw=Allegro%20KHFM00333536%2012.7%20oz%20Honey%20Garlic%20Marinade,https://www.google.com/search?q=Allegro%20KHFM00333536%2012.7%20oz%20Honey%20Garlic%20Marinade,https://seller.walmart.com/catalog/add-items?search=357194892,N/A,no,no,no,3,0,3,23,Food E Concepts,mfn,$14.99,5,$12.80,$16.65,14.99,3.53,4.18,27.86 %,118.29 %,10.35,6.16,1,$37.99,N/A,$7.28,$5.45,0,$1.20,8.00%,$0.04,1,$0.60,$0.30 /lb,$0.60,$0.00,$0.00,$0.00,$0.00,0,$0.00,,0,3 or less sellers,"9.00, 3.00, 3.00 in, 2.00 lbs",9.00,3.00,3.00,2.00,N/A,Computer
"05/15/2025, 04:46 AM PDT","05/15/2025, 07:46 AM EDT","05/15/2025, 06:46 AM CDT","05/15/2025, 04:46 AM PDT","Allegro Hot & Spicy Marinade, 12.7 fl oz",38443306,74964002004,N/A,N/A,Allegro,Grocery,Cooking Sauces & Marinades,N/A,N/A,200,https://i5.walmartimages.com/seo/Allegro-Hot-Spicy-Marinade-12-7-fl-oz_145077a8-ad9b-4106-acbb-f8f0fe6a8709.c7a082f1ee55e778587d05acf5c39b78.jpeg,,N/A,https://www.walmart.com/ip/38443306,3.53,https://www.amazon.com/dp/B0046QAUEU,https://www.amazon.com/s?k=Allegro%20Hot%20%26%20Spicy%20Marinade%2C%2012.7%20fl%20oz,https://www.ebay.com/sch/i.html?_nkw=Allegro%20Hot%20%26%20Spicy%20Marinade%2C%2012.7%20fl%20oz,https://www.google.com/search?q=Allegro%20Hot%20%26%20Spicy%20Marinade%2C%2012.7%20fl%20oz,https://seller.walmart.com/catalog/add-items?search=38443306,N/A,no,no,no,3,0,3,36,WF Market,mfn,$11.88,29,$11.88,$19.99,11.88,3.53,2.21,18.60 %,62.61 %,0.00,4.59,1,$51.96,N/A,$6.14,$4.95,0,$0.95,8.00%,$0.00,1,$0.24,$0.30 /lb,$0.24,$0.00,$0.00,$0.00,$0.00,0,$0.00,4.6,8,3 or less sellers,"2.38, 2.38, 1.00 in, 0.79 lbs",2.38,2.38,1.00,0.79,N/A,Computer
"05/15/2025, 04:47 AM PDT","05/15/2025, 07:47 AM EDT","05/15/2025, 06:47 AM CDT","05/15/2025, 04:47 AM PDT","Allegro Tennessee Whiskey Marinade, 12.7 fl oz",483134297,74964200103,Single,2,Allegro,Grocery,Cooking Sauces & Marinades,N/A,N/A,N/A,https://i5.walmartimages.com/seo/Allegro-Tennessee-Whiskey-Marinade-12-7-fl-oz_976211b0-1d0c-4b08-be78-490e32a134a7.aa9a23d55ef7dad096b9366a0bc99336.jpeg,,N/A,https://www.walmart.com/ip/483134297,3.53,https://www.amazon.com/dp/B0F63PF6V2,https://www.amazon.com/s?k=Allegro%20Tennessee%20Whiskey%20Marinade%2C%2012.7%20fl%20oz,https://www.ebay.com/sch/i.html?_nkw=Allegro%20Tennessee%20Whiskey%20Marinade%2C%2012.7%20fl%20oz,https://www.google.com/search?q=Allegro%20Tennessee%20Whiskey%20Marinade%2C%2012.7%20fl%20oz,https://seller.walmart.com/catalog/add-items?search=483134297,N/A,no,no,no,4,2,2,46,Vendtac,wfs,$11.99,23,$11.99,$18.99,11.99,3.53,2.03,16.90 %,57.42 %,0.00,4.45,1,OOS,N/A,$6.43,$4.95,0,$0.96,8.00%,$0.03,1,$0.49,$0.30 /lb,$0.49,$0.00,$0.00,$0.00,$0.00,0,$0.00,3.9,9,"The listing has 2 variations,For better accuracy, we’ve used dimensions from B084TTDY8J to provide more precise estimates","9.02, 2.99, 2.48 in, 1.65 lbs",9.02,2.99,2.48,1.65,N/A,Computer
"05/15/2025, 04:51 AM PDT","05/15/2025, 07:51 AM EDT","05/15/2025, 06:51 AM CDT","05/15/2025, 04:51 AM PDT","Almondina, The Original Almond Biscuits, 4 oz",175269162,377821109015,N/A,N/A,Almondina,Grocery,Cookies,N/A,N/A,N/A,https://i5.walmartimages.com/seo/Almondina-The-Original-Almond-Biscuits-4-oz_dd5b7a56-7bbb-4e88-a865-6f499ac9d61e.d44442000dd0adc86cbd767a2903b2f9.jpeg,,N/A,https://www.walmart.com/ip/175269162,2.89,N/A,https://www.amazon.com/s?k=Almondina%2C%20The%20Original%20Almond%20Biscuits%2C%204%20oz,https://www.ebay.com/sch/i.html?_nkw=Almondina%2C%20The%20Original%20Almond%20Biscuits%2C%204%20oz,https://www.google.com/search?q=Almondina%2C%20The%20Original%20Almond%20Biscuits%2C%204%20oz,https://seller.walmart.com/catalog/add-items?search=175269162,N/A,no,no,no,0,0,0,0,N/A,N/A,0,,,Price,9.99,2.89,1.75,17.51 %,60.52 %,8.00,3.71,1,NA,N/A,$5.35,$3.45,0,$0.80,8.00%,$0.01,1,$1.09,$0.30 /lb,$0.09,$0.00,$0.00,$0.00,$0.00,0,$0.00,,0,"For better accuracy, we’ve used dimensions from B00CQ7QPFE to provide more precise estimates,3 or less sellers","5.20, 4.53, 1.14 in, 0.30 lbs",5.20,4.53,1.14,0.30,N/A,Computer
"05/15/2025, 04:54 AM PDT","05/15/2025, 07:54 AM EDT","05/15/2025, 06:54 AM CDT","05/15/2025, 04:54 AM PDT","Roasted Salted Almonds 20 - 22 Per Ounce, (6.25 Pounds)",147693461,618645243562,N/A,N/A,Nassau Candy,Grocery,Edible Nuts,N/A,N/A,N/A,https://i5.walmartimages.com/seo/Roasted-Salted-Almonds-20-22-Per-Ounce-6-25-Pounds_c2c0513a-7a1f-4b11-90cb-f1e05773acfc.ccb13775ab925ab7b00888b009adf9f1.jpeg,,N/A,https://www.walmart.com/ip/147693461,26.25,N/A,https://www.amazon.com/s?k=Roasted%20Salted%20Almonds%2020%20-%2022%20Per%20Ounce%2C%20(6.25%20Pounds),https://www.ebay.com/sch/i.html?_nkw=Roasted%20Salted%20Almonds%2020%20-%2022%20Per%20Ounce%2C%20(6.25%20Pounds),https://www.google.com/search?q=Roasted%20Salted%20Almonds%2020%20-%2022%20Per%20Ounce%2C%20(6.25%20Pounds),https://seller.walmart.com/catalog/add-items?search=147693461,N/A,no,no,no,1,0,1,12,Hawaiian Lake,mfn,$51.00,12,$51.00,$51.00,51,26.25,17.1,33.53 %,65.14 %,30.80,34.68,1,NA,N/A,$7.65,$0.00,0,$7.65,15.00%,$0.00,1,$0.00,$0.30 /lb,$0.00,$0.00,$0.00,$0.00,$0.00,0,$0.00,,0,"For better accuracy, we’ve used dimensions from  to provide more precise estimates,3 or less sellers","0.00, 0.00, 0.00 in, 0.00 lbs",0.00,0.00,0.00,0.00,N/A,Computer
"05/15/2025, 11:58 PM PDT","05/16/2025, 02:58 AM EDT","05/16/2025, 01:58 AM CDT","05/15/2025, 11:58 PM PDT","Roasted Salted Almonds 30 - 34 Per Ounce , (6.25 Pounds)",197544852,618645009359,N/A,N/A,Nassau Candy,Grocery,Edible Nuts,N/A,N/A,N/A,https://i5.walmartimages.com/seo/Roasted-Salted-Almonds-30-34-Per-Ounce-6-25-Pounds_cce1c166-5c57-4d25-b726-ed01247e2d6a.a6880027cce83fa15a1ce1c510816f04.jpeg,,N/A,https://www.walmart.com/ip/197544852,25.62,N/A,https://www.amazon.com/s?k=Roasted%20Salted%20Almonds%2030%20-%2034%20Per%20Ounce%20%2C%20(6.25%20Pounds),https://www.ebay.com/sch/i.html?_nkw=Roasted%20Salted%20Almonds%2030%20-%2034%20Per%20Ounce%20%2C%20(6.25%20Pounds),https://www.google.com/search?q=Roasted%20Salted%20Almonds%2030%20-%2034%20Per%20Ounce%20%2C%20(6.25%20Pounds),https://seller.walmart.com/catalog/add-items?search=197544852,N/A,no,no,no,1,0,1,12,Hawaiian Lake,mfn,$44.90,12,$44.90,$44.90,44.9,25.62,0.7,1.55 %,2.71 %,44.00,21.05,1,NA,N/A,$18.58,$8.55,0,$6.74,15.00%,$0.21,1,$3.09,$0.30 /lb,$3.09,$0.00,$0.00,$0.00,$0.00,0,$0.00,,0,"For better accuracy, we’ve used dimensions from B01GGK50FM to provide more precise estimates,3 or less sellers","16.30, 10.59, 2.80 in, 10.30 lbs",16.30,10.59,2.80,10.30,N/A,Computer
"05/15/2025, 11:59 PM PDT","05/16/2025, 02:59 AM EDT","05/16/2025, 01:59 AM CDT","05/15/2025, 11:59 PM PDT","Roasted Unsalted Almonds 20 - 22 Per Ounce, (6.25 Pounds)",189400508,618645243579,N/A,N/A,Nassau Candy,Grocery,Edible Nuts,N/A,N/A,N/A,https://i5.walmartimages.com/seo/Roasted-Unsalted-Almonds-20-22-Per-Ounce-6-25-Pounds_273444b8-6f02-49b0-9931-9dd549bec4fd.60568b53321b3c16958858a43ae578c2.jpeg,,N/A,https://www.walmart.com/ip/189400508,26.25,N/A,https://www.amazon.com/s?k=Roasted%20Unsalted%20Almonds%2020%20-%2022%20Per%20Ounce%2C%20(6.25%20Pounds),https://www.ebay.com/sch/i.html?_nkw=Roasted%20Unsalted%20Almonds%2020%20-%2022%20Per%20Ounce%2C%20(6.25%20Pounds),https://www.google.com/search?q=Roasted%20Unsalted%20Almonds%2020%20-%2022%20Per%20Ounce%2C%20(6.25%20Pounds),https://seller.walmart.com/catalog/add-items?search=189400508,N/A,no,no,no,1,0,1,10,Hawaiian Lake,mfn,$49.99,10,$49.99,$49.99,49.99,26.25,16.24,32.49 %,61.87 %,30.80,33.99,1,NA,N/A,$7.50,$0.00,0,$7.50,15.00%,$0.00,1,$0.00,$0.30 /lb,$0.00,$0.00,$0.00,$0.00,$0.00,0,$0.00,,0,"For better accuracy, we’ve used dimensions from  to provide more precise estimates,3 or less sellers","0.00, 0.00, 0.00 in, 0.00 lbs",0.00,0.00,0.00,0.00,N/A,Computer
"05/16/2025, 12:02 AM PDT","05/16/2025, 03:02 AM EDT","05/16/2025, 02:02 AM CDT","05/16/2025, 12:02 AM PDT","Raw Almonds 30 - 34 Per Ounce, (6.25 Pounds)",123620516,618645009007,N/A,N/A,Nassau Candy,Grocery,Edible Nuts,N/A,N/A,N/A,https://i5.walmartimages.com/seo/Raw-Almonds-30-34-Per-Ounce-6-25-Pounds_fd9c4579-a1a1-4e9a-bbd3-173adbe5bff7.981d0a0df6680edae0a5d2ffafc0699a.jpeg,,N/A,https://www.walmart.com/ip/123620516,24.37,N/A,https://www.amazon.com/s?k=Raw%20Almonds%2030%20-%2034%20Per%20Ounce%2C%20(6.25%20Pounds),https://www.ebay.com/sch/i.html?_nkw=Raw%20Almonds%2030%20-%2034%20Per%20Ounce%2C%20(6.25%20Pounds),https://www.google.com/search?q=Raw%20Almonds%2030%20-%2034%20Per%20Ounce%2C%20(6.25%20Pounds),https://seller.walmart.com/catalog/add-items?search=123620516,N/A,no,no,no,1,0,1,6,Hawaiian Lake,mfn,$43.00,6,$43.00,$43.00,43,24.37,12.18,28.33 %,49.98 %,28.60,29.24,1,NA,N/A,$6.45,$0.00,0,$6.45,15.00%,$0.00,1,$0.00,$0.30 /lb,$0.00,$0.00,$0.00,$0.00,$0.00,0,$0.00,,0,"For better accuracy, we’ve used dimensions from  to provide more precise estimates,3 or less sellers","0.00, 0.00, 0.00 in, 0.00 lbs",0.00,0.00,0.00,0.00,N/A,Computer
"05/16/2025, 12:07 AM PDT","05/16/2025, 03:07 AM EDT","05/16/2025, 02:07 AM CDT","05/16/2025, 12:07 AM PDT","Aloha Bay Chakra Candle Jar, 11 OZ, Happiness",27231261,760860261019,N/A,N/A,Aloha Bay,Kitchen,Candles,Aloha Bay,0285288,026101,https://i5.walmartimages.com/seo/Aloha-Bay-Chakra-Candle-Jar-11-OZ-Happiness_ad9740aa-fce7-42ba-a001-fa06f4fb44f3.3aa40f426ba090a446050499ac4f78ef.jpeg,,N/A,https://www.walmart.com/ip/27231261,9.32,https://www.amazon.com/dp/B00367OHFI,https://www.amazon.com/s?k=Aloha%20Bay%20Chakra%20Candle%20Jar%2C%2011%20OZ%2C%20Happiness,https://www.ebay.com/sch/i.html?_nkw=Aloha%20Bay%20Chakra%20Candle%20Jar%2C%2011%20OZ%2C%20Happiness,https://www.google.com/search?q=Aloha%20Bay%20Chakra%20Candle%20Jar%2C%2011%20OZ%2C%20Happiness,https://seller.walmart.com/catalog/add-items?search=27231261,N/A,no,no,no,3,0,3,10,Greenbay Essentials Inc,mfn,$20.98,3,$19.44,$20.98,20.98,9.32,3.12,14.89 %,33.53 %,17.20,9.96,1,$17.99,N/A,$8.54,$4.95,0,$3.15,15.00%,$0.03,1,$0.41,$0.30 /lb,$0.41,$0.00,$0.00,$0.00,$0.00,0,$0.00,1,1,3 or less sellers,"7.00, 3.00, 3.00 in, 1.37 lbs",7.00,3.00,3.00,1.37,N/A,Computer
"05/16/2025, 12:08 AM PDT","05/16/2025, 03:08 AM EDT","05/16/2025, 02:08 AM CDT","05/16/2025, 12:08 AM PDT",Alstertor Dusseldorf Style Mustard - Case of 12 - 8.45 oz.,30884084,88468128009,N/A,N/A,Alstertor,Grocery,Mustards,N/A,N/A,37294,https://i5.walmartimages.com/seo/Alstertor-Dusseldorf-Style-Mustard-Case-of-12-8-45-oz_af98e199-7b21-4bae-a530-1c03f8dc337f_1.2b8205a88d93b1a3adea565003e86dc2.jpeg,,N/A,https://www.walmart.com/ip/30884084,2.77,https://www.amazon.com/dp/B00DBWB43G,https://www.amazon.com/s?k=Alstertor%20Dusseldorf%20Style%20Mustard%20-%20Case%20of%2012%20-%208.45%20oz.,https://www.ebay.com/sch/i.html?_nkw=Alstertor%20Dusseldorf%20Style%20Mustard%20-%20Case%20of%2012%20-%208.45%20oz.,https://www.google.com/search?q=Alstertor%20Dusseldorf%20Style%20Mustard%20-%20Case%20of%2012%20-%208.45%20oz.,https://seller.walmart.com/catalog/add-items?search=30884084,N/A,no,no,no,2,1,1,50,OTCRx4U,wfs,$9.56,34,$9.56,$55.97,9.56,2.77,-0.28,-2.94 %,-10.15 %,9.80,1.99,1,$9.99,100+ units sold this month on Amazon,$7.07,$4.95,0,$0.76,8.00%,$0.01,1,$1.35,$0.30 /lb,$0.35,$0.00,$0.00,$0.00,$0.00,0,$0.00,3,2,3 or less sellers,"2.80, 3.88, 1.14 in, 1.17 lbs",2.80,3.88,1.14,1.17,N/A,Computer
"05/16/2025, 12:14 AM PDT","05/16/2025, 03:14 AM EDT","05/16/2025, 02:14 AM CDT","05/16/2025, 12:14 AM PDT",Alter Eco - Organic Dark Chocolate 85% Cacao Raspberry Blackout - 2.65 oz. Pack Of 12,1485334255,461485334255,N/A,N/A,Alter Eco,Grocery,Chocolate Candy,N/A,N/A,N/A,https://i5.walmartimages.com/seo/Alter-Eco-Organic-Dark-Chocolate-85-Cacao-Raspberry-Blackout-2-65-oz-Pack-Of-12_6b1d2280-2b24-4b31-8b88-342380dfa973.20aab3b14edb07d2516543fce7167e84.jpeg,,N/A,https://www.walmart.com/ip/1485334255,43.08,N/A,https://www.amazon.com/s?k=Alter%20Eco%20-%20Organic%20Dark%20Chocolate%2085%25%20Cacao%20Raspberry%20Blackout%20-%202.65%20oz.%20Pack%20Of%2012,https://www.ebay.com/sch/i.html?_nkw=Alter%20Eco%20-%20Organic%20Dark%20Chocolate%2085%25%20Cacao%20Raspberry%20Blackout%20-%202.65%20oz.%20Pack%20Of%2012,https://www.google.com/search?q=Alter%20Eco%20-%20Organic%20Dark%20Chocolate%2085%25%20Cacao%20Raspberry%20Blackout%20-%202.65%20oz.%20Pack%20Of%2012,https://seller.walmart.com/catalog/add-items?search=1485334255,N/A,no,no,no,1,0,1,17,shopGourmet.com,mfn,$56.98,17,$56.98,$56.98,56.98,43.08,0.05,0.09 %,0.12 %,56.85,34.50,1,NA,N/A,$13.85,$4.95,0,$8.55,15.00%,$0.05,1,$0.30,$0.30 /lb,$0.30,$0.00,$0.00,$0.00,$0.00,0,$0.00,,0,"For better accuracy, we’ve used dimensions from B09Z111WGY to provide more precise estimates,3 or less sellers","5.98, 5.00, 4.02 in, 1.00 lbs",5.98,5.00,4.02,1.00,N/A,Computer
"05/16/2025, 12:15 AM PDT","05/16/2025, 03:15 AM EDT","05/16/2025, 02:15 AM CDT","05/16/2025, 12:15 AM PDT","Alter Eco Dark Salted Brown Butter Organic Chocolate Bar, 2.82 Oz",39205901,817670010495,N/A,N/A,Alter Eco,Grocery,Candy Bars & Miniatures,N/A,N/A,LTE01049,https://i5.walmartimages.com/seo/Alter-Eco-Dark-Salted-Brown-Butter-Organic-Chocolate-Bar-2-82-Oz_be124c8a-8af5-4854-ba43-9606e0a190fc_2.519432fe10091ee9b819cb18d5e02f85.png,,N/A,https://www.walmart.com/ip/39205901,3.59,https://www.amazon.com/dp/B00L2X9CSA,https://www.amazon.com/s?k=Alter%20Eco%20Dark%20Salted%20Brown%20Butter%20Organic%20Chocolate%20Bar%2C%202.82%20Oz,https://www.ebay.com/sch/i.html?_nkw=Alter%20Eco%20Dark%20Salted%20Brown%20Butter%20Organic%20Chocolate%20Bar%2C%202.82%20Oz,https://www.google.com/search?q=Alter%20Eco%20Dark%20Salted%20Brown%20Butter%20Organic%20Chocolate%20Bar%2C%202.82%20Oz,https://seller.walmart.com/catalog/add-items?search=39205901,N/A,no,no,no,1,0,1,60,iHerb,mfn,$9.50,60,$9.50,$9.50,9.5,3.59,0.64,6.77 %,17.91 %,8.70,3.39,1,$9.50,200+ units sold this month on Amazon,$5.27,$3.45,0,$0.76,8.00%,$0.00,1,$1.05,$0.30 /lb,$0.05,$0.00,$0.00,$0.00,$0.00,0,$0.00,3.8,6,3 or less sellers,"6.38, 3.11, 0.35 in, 0.18 lbs",6.38,3.11,0.35,0.18,N/A,Computer
"05/16/2025, 12:16 AM PDT","05/16/2025, 03:16 AM EDT","05/16/2025, 02:16 AM CDT","05/16/2025, 12:16 AM PDT","Alter Eco Organic Dark Chocolate Bar, Classic Blackout, 85% Cocoa, 2.82 oz (80 g)",36356229,817670010068,N/A,N/A,Alter Eco,Grocery,Candy Bars & Miniatures,N/A,N/A,109942,https://i5.walmartimages.com/seo/Alter-Eco-America-Blackout-Organic-Dark-Chocolate-Bar-2-82-oz_45cb276c-9747-4b87-a3dc-e57177d1e801_1.26ea3f908701df3629e2f2096b19c82d.jpeg,,N/A,https://www.walmart.com/ip/36356229,3.59,https://www.amazon.com/dp/B06XB72N1P,https://www.amazon.com/s?k=Alter%20Eco%20Organic%20Dark%20Chocolate%20Bar%2C%20Classic%20Blackout%2C%2085%25%20Cocoa%2C%202.82%20oz%20(80%20g),https://www.ebay.com/sch/i.html?_nkw=Alter%20Eco%20Organic%20Dark%20Chocolate%20Bar%2C%20Classic%20Blackout%2C%2085%25%20Cocoa%2C%202.82%20oz%20(80%20g),https://www.google.com/search?q=Alter%20Eco%20Organic%20Dark%20Chocolate%20Bar%2C%20Classic%20Blackout%2C%2085%25%20Cocoa%2C%202.82%20oz%20(80%20g),https://seller.walmart.com/catalog/add-items?search=36356229,N/A,no,no,no,2,0,2,269,Akechi Inc,mfn,$8.99,4,$8.99,$9.50,8.99,3.59,3.68,40.94 %,102.53 %,4.90,5.82,1,OOS,N/A,$1.72,$0.00,0,$0.72,8.00%,$0.00,1,$1.00,$0.30 /lb,$0.00,$0.00,$0.00,$0.00,$0.00,0,$0.00,3.8,4,"For better accuracy, we’ve used dimensions from  to provide more precise estimates,3 or less sellers","0.00, 0.00, 0.00 in, 0.00 lbs",0.00,0.00,0.00,0.00,N/A,Computer
"05/16/2025, 12:17 AM PDT","05/16/2025, 03:17 AM EDT","05/16/2025, 02:17 AM CDT","05/16/2025, 12:17 AM PDT","Alter Eco - Classic Dark Organic Chocolate Truffles, 10 Ct.",42751548,817670010327,N/A,N/A,Alter Eco,Grocery,Chocolate Truffles,N/A,N/A,LTE01032,https://i5.walmartimages.com/seo/Alter-Eco-Classic-Dark-Organic-Chocolate-Truffles-10-Ct_a3ffb4ec-0f79-4ac5-9ee2-8557e70338fd_2.bb687b2e5c55d6c186ea2cf800808a45.png,,N/A,https://www.walmart.com/ip/42751548,7.19,https://www.amazon.com/dp/B00JKOD2YI,https://www.amazon.com/s?k=Alter%20Eco%20-%20Classic%20Dark%20Organic%20Chocolate%20Truffles%2C%2010%20Ct.,https://www.ebay.com/sch/i.html?_nkw=Alter%20Eco%20-%20Classic%20Dark%20Organic%20Chocolate%20Truffles%2C%2010%20Ct.,https://www.google.com/search?q=Alter%20Eco%20-%20Classic%20Dark%20Organic%20Chocolate%20Truffles%2C%2010%20Ct.,https://seller.walmart.com/catalog/add-items?search=42751548,N/A,no,yes,no,4,1,3,99,Hidden Gems LLC,wfs,$13.87,6,$13.87,$16.99,13.87,7.19,2.04,14.72 %,28.40 %,11.55,7.39,1,$8.89,50+ units sold this month on Amazon,$4.64,$3.45,0,$1.11,8.00%,$0.00,1,$0.08,$0.30 /lb,$0.08,$0.00,$0.00,$0.00,$0.00,0,$0.00,4.2,5,N/A,"1.00, 1.00, 1.00 in, 0.26 lbs",1.00,1.00,1.00,0.26,N/A,Computer
"05/16/2025, 12:20 AM PDT","05/16/2025, 03:20 AM EDT","05/16/2025, 02:20 AM CDT","05/16/2025, 12:20 AM PDT",Alter Eco Americas Dark Chocolate Truffles - Mint Creme - Case of 8 - 4.2 oz.,5226505599,751035647707,N/A,N/A,Alter Eco,Grocery,Chocolate Truffles,N/A,N/A,N/A,https://i5.walmartimages.com/seo/Alter-Eco-Americas-Dark-Chocolate-Truffles-Mint-Creme-Case-of-8-4-2-oz_6c3f0145-ac7c-4c9f-9a17-632d238ad7fd.f07f25ede9207e899dd057b728064a53.jpeg,,N/A,https://www.walmart.com/ip/5226505599,57.52,N/A,https://www.amazon.com/s?k=Alter%20Eco%20Americas%20Dark%20Chocolate%20Truffles%20-%20Mint%20Creme%20-%20Case%20of%208%20-%204.2%20oz.,https://www.ebay.com/sch/i.html?_nkw=Alter%20Eco%20Americas%20Dark%20Chocolate%20Truffles%20-%20Mint%20Creme%20-%20Case%20of%208%20-%204.2%20oz.,https://www.google.com/search?q=Alter%20Eco%20Americas%20Dark%20Chocolate%20Truffles%20-%20Mint%20Creme%20-%20Case%20of%208%20-%204.2%20oz.,https://seller.walmart.com/catalog/add-items?search=5226505599,N/A,no,no,no,1,0,1,12,UniversoBrands,mfn,$92.98,12,$92.98,$92.98,92.98,57.52,21.51,23.14 %,37.40 %,67.60,63.23,1,NA,N/A,$13.95,$0.00,0,$13.95,15.00%,$0.00,1,$0.00,$0.30 /lb,$0.00,$0.00,$0.00,$0.00,$0.00,0,$0.00,,0,"For better accuracy, we’ve used dimensions from  to provide more precise estimates,3 or less sellers","0.00, 0.00, 0.00 in, 0.00 lbs",0.00,0.00,0.00,0.00,N/A,Computer
"05/16/2025, 12:21 AM PDT","05/16/2025, 03:21 AM EDT","05/16/2025, 02:21 AM CDT","05/16/2025, 12:21 AM PDT","Alter Eco - Sea Salt Organic ChocolateTruffles, 10ct",172524750,817670010570,N/A,N/A,Alter Eco,Grocery,Chocolate Truffles,N/A,N/A,LTE01057,https://i5.walmartimages.com/seo/Alter-Eco-Sea-Salt-Organic-ChocolateTruffles-10ct_744d63a4-a6bc-4dc1-b268-d56e4825ab0d_2.07b0c17bec28fcb3742088acec0fa68d.png,,N/A,https://www.walmart.com/ip/172524750,7.19,https://www.amazon.com/dp/B00OAJYGRU,https://www.amazon.com/s?k=Alter%20Eco%20-%20Sea%20Salt%20Organic%20ChocolateTruffles%2C%2010ct,https://www.ebay.com/sch/i.html?_nkw=Alter%20Eco%20-%20Sea%20Salt%20Organic%20ChocolateTruffles%2C%2010ct,https://www.google.com/search?q=Alter%20Eco%20-%20Sea%20Salt%20Organic%20ChocolateTruffles%2C%2010ct,https://seller.walmart.com/catalog/add-items?search=172524750,N/A,no,yes,no,2,0,2,152,iHerb,mfn,$13.88,147,$13.88,$15.99,13.88,7.19,2.05,14.78 %,28.53 %,11.55,7.39,1,$8.89,50+ units sold this month on Amazon,$4.64,$3.45,0,$1.11,8.00%,$0.00,1,$0.08,$0.30 /lb,$0.08,$0.00,$0.00,$0.00,$0.00,0,$0.00,,0,3 or less sellers,"1.00, 1.00, 1.00 in, 0.26 lbs",1.00,1.00,1.00,0.26,N/A,Computer
"05/16/2025, 12:23 AM PDT","05/16/2025, 03:23 AM EDT","05/16/2025, 02:23 AM CDT","05/16/2025, 12:23 AM PDT","Alter Eco Americas Truffle - Organic - Velvet, 4.2 Oz",42706566,817670010334,N/A,N/A,Alter Eco,Grocery,Chocolate Truffles,N/A,N/A,1277946,https://i5.walmartimages.com/seo/Alter-Eco-Americas-Truffle-Organic-Velvet-4-2-Oz_d41ded03-3f46-42a9-b3eb-8902a2c1eb56_1.5343b3d0c885de7d086157f3cfad580e.jpeg,,N/A,https://www.walmart.com/ip/42706566,7.19,https://www.amazon.com/dp/B01BISPWSW,https://www.amazon.com/s?k=Alter%20Eco%20Americas%20Truffle%20-%20Organic%20-%20Velvet%2C%204.2%20Oz,https://www.ebay.com/sch/i.html?_nkw=Alter%20Eco%20Americas%20Truffle%20-%20Organic%20-%20Velvet%2C%204.2%20Oz,https://www.google.com/search?q=Alter%20Eco%20Americas%20Truffle%20-%20Organic%20-%20Velvet%2C%204.2%20Oz,https://seller.walmart.com/catalog/add-items?search=42706566,N/A,no,no,no,2,0,2,137,iHerb,mfn,$13.88,130,$13.88,$15.99,13.88,7.19,5.58,40.20 %,77.60 %,8.80,10.22,1,OOS,N/A,$1.11,$0.00,0,$1.11,8.00%,$0.00,1,$0.00,$0.30 /lb,$0.00,$0.00,$0.00,$0.00,$0.00,0,$0.00,,0,"For better accuracy, we’ve used dimensions from  to provide more precise estimates,3 or less sellers","0.00, 0.00, 0.00 in, 0.00 lbs",0.00,0.00,0.00,0.00,N/A,Computer
"05/16/2025, 12:25 AM PDT","05/16/2025, 03:25 AM EDT","05/16/2025, 02:25 AM CDT","05/16/2025, 12:25 AM PDT","Alter Eco Truffle Thins, Dark Chocolate Bar, Orange Creme, Organic-2.96 oz",5031082464,817670012598,"2.96 oz, 1",2,Alter Eco,Grocery,Snack Bars,N/A,N/A,N/A,https://i5.walmartimages.com/seo/Alter-Eco-Truffle-Thins-Dark-Chocolate-Bar-Orange-Creme-Organic-2-96-oz_59f58ef9-17a6-4e02-8787-786f49ec2a34.f3724bce4cdbe072c22fe83ba8041c23.jpeg,,N/A,https://www.walmart.com/ip/5031082464,3.59,https://www.amazon.com/dp/B0D82C4T88,https://www.amazon.com/s?k=Alter%20Eco%20Truffle%20Thins%2C%20Dark%20Chocolate%20Bar%2C%20Orange%20Creme%2C%20Organic-2.96%20oz,https://www.ebay.com/sch/i.html?_nkw=Alter%20Eco%20Truffle%20Thins%2C%20Dark%20Chocolate%20Bar%2C%20Orange%20Creme%2C%20Organic-2.96%20oz,https://www.google.com/search?q=Alter%20Eco%20Truffle%20Thins%2C%20Dark%20Chocolate%20Bar%2C%20Orange%20Creme%2C%20Organic-2.96%20oz,https://seller.walmart.com/catalog/add-items?search=5031082464,N/A,no,no,no,1,0,1,10,ATAFA,mfn,$22.43,10,$22.43,$22.43,22.43,3.59,10.23,45.59 %,284.82 %,0.00,11.05,1,$9.50,N/A,$8.61,$4.95,0,$3.36,15.00%,$0.00,1,$0.30,$0.30 /lb,$0.30,$0.00,$0.00,$0.00,$0.00,0,$0.00,,0,"The listing has 2 variations,Pulling package information from B0D82C4T88 via amazon.com,3 or less sellers","0.98, 0.98, 0.98 in, 1.00 lbs",0.98,0.98,0.98,1.00,N/A,Computer
"05/16/2025, 12:25 AM PDT","05/16/2025, 03:25 AM EDT","05/16/2025, 02:25 AM CDT","05/16/2025, 12:25 AM PDT","Alter Eco Truffle Thins, Dark Chocolate Bar, Raspberry Creme, Organic-2.96 oz",5035142745,817670012574,2.96 oz,1,Alter Eco,Grocery,Chocolate Candy,N/A,N/A,N/A,https://i5.walmartimages.com/seo/Alter-Eco-Truffle-Thins-Dark-Chocolate-Bar-Raspberry-Creme-Organic-2-96-oz_d624fe4c-5244-44f5-b479-d690aac63572.e2f95858940620a9fb4e02ddb00e96be.jpeg,,N/A,https://www.walmart.com/ip/5035142745,3.59,https://www.amazon.com/dp/B0D81PCNN1,https://www.amazon.com/s?k=Alter%20Eco%20Truffle%20Thins%2C%20Dark%20Chocolate%20Bar%2C%20Raspberry%20Creme%2C%20Organic-2.96%20oz,https://www.ebay.com/sch/i.html?_nkw=Alter%20Eco%20Truffle%20Thins%2C%20Dark%20Chocolate%20Bar%2C%20Raspberry%20Creme%2C%20Organic-2.96%20oz,https://www.google.com/search?q=Alter%20Eco%20Truffle%20Thins%2C%20Dark%20Chocolate%20Bar%2C%20Raspberry%20Creme%2C%20Organic-2.96%20oz,https://seller.walmart.com/catalog/add-items?search=5035142745,N/A,no,no,no,1,0,1,10,ATAFA,mfn,$22.43,10,$22.43,$22.43,22.43,3.59,10.23,45.59 %,284.82 %,0.00,11.05,1,$9.50,N/A,$8.61,$4.95,0,$3.36,15.00%,$0.00,1,$0.30,$0.30 /lb,$0.30,$0.00,$0.00,$0.00,$0.00,0,$0.00,1,1,"Pulling package information from B0D81PCNN1 via amazon.com,3 or less sellers","0.98, 0.98, 0.98 in, 1.00 lbs",0.98,0.98,0.98,1.00,N/A,Computer
"05/16/2025, 12:28 AM PDT","05/16/2025, 03:28 AM EDT","05/16/2025, 02:28 AM CDT","05/16/2025, 12:28 AM PDT","Altoids Spearmint Sugar Free Breath Mints, Single Pack - 1.76 oz",48320709,22000159311,N/A,N/A,Altoids,Grocery,Mint Candy,N/A,N/A,606000,https://i5.walmartimages.com/seo/Altoids-Spearmint-Sugar-Free-Breath-Mints-Single-Pack-1-76-oz_af85f203-3585-4c1d-855f-4e7ed2b0c42f.248943793469eff790b38b796d0bbf11.jpeg,,N/A,https://www.walmart.com/ip/48320709,3.1,https://www.amazon.com/dp/B00EAYXEQE,https://www.amazon.com/s?k=Altoids%20Spearmint%20Sugar%20Free%20Breath%20Mints%2C%20Single%20Pack%20-%201.76%20oz,https://www.ebay.com/sch/i.html?_nkw=Altoids%20Spearmint%20Sugar%20Free%20Breath%20Mints%2C%20Single%20Pack%20-%201.76%20oz,https://www.google.com/search?q=Altoids%20Spearmint%20Sugar%20Free%20Breath%20Mints%2C%20Single%20Pack%20-%201.76%20oz,https://seller.walmart.com/catalog/add-items?search=48320709,N/A,no,no,no,4,1,3,1621,Belroza Connect LLC,wfs,$9.99,21,$8.55,$10.15,9.99,3.1,1.57,15.72 %,50.66 %,8.20,3.74,1,OOS,N/A,$5.32,$3.45,0,$0.80,8.00%,$0.00,1,$1.07,$0.30 /lb,$0.07,$0.00,$0.00,$0.00,$0.00,0,$0.00,4.7,65,Pulling package information from B00EAYXEQE via amazon.com,"5.00, 2.01, 0.98 in, 0.22 lbs",5.00,2.01,0.98,0.22,N/A,Computer
"05/16/2025, 12:30 AM PDT","05/16/2025, 03:30 AM EDT","05/16/2025, 02:30 AM CDT","05/16/2025, 12:30 AM PDT",Honees Honey Menthol Drops,52553008,70650004031,N/A,N/A,Honees,Health & Personal Care,Over-the-Counter Medicines,N/A,N/A,ECW1576511,https://i5.walmartimages.com/seo/Honees-Honey-Menthol-Drops_401f2b26-51b1-4c76-8ddb-e50c516b2c26_1.5b0189bd9ead0cb1d8d263608c0f2f3b.jpeg,,N/A,https://www.walmart.com/ip/52553008,2.35,https://www.amazon.com/dp/B00QIVC3NW,https://www.amazon.com/s?k=Honees%20Honey%20Menthol%20Drops,https://www.ebay.com/sch/i.html?_nkw=Honees%20Honey%20Menthol%20Drops,https://www.google.com/search?q=Honees%20Honey%20Menthol%20Drops,https://seller.walmart.com/catalog/add-items?search=52553008,N/A,yes,no,no,10,3,7,1128,Blue Market,wfs,$7.99,33,$7.09,$15.32,7.09,2.35,-0.35,-4.99 %,-15.05 %,7.40,1.60,1,$2.53,N/A,$5.09,$3.45,0,$0.57,8.00%,$0.01,1,$1.07,$0.30 /lb,$0.07,$0.00,$0.00,$0.00,$0.00,0,$0.00,4.7,33,N/A,"0.50, 6.25, 7.75 in, 0.22 lbs",0.50,6.25,7.75,0.22,N/A,Computer
"05/16/2025, 12:32 AM PDT","05/16/2025, 03:32 AM EDT","05/16/2025, 02:32 AM CDT","05/16/2025, 12:32 AM PDT",Honees Cough Drop Bars Honey Lemon 1.6oz,712411604,70650004079,4.25,1,Honees,Health & Personal Care,Over-the-Counter Medicines,N/A,N/A,N/A,https://i5.walmartimages.com/seo/Honees-Cough-Drop-Bars-Honey-Lemon-1-6oz_f3ad0e61-2734-4cb9-aa93-b32eb84d4ffd.7aa299e2a9ba1c3460e82e23d76affb4.jpeg,,N/A,https://www.walmart.com/ip/712411604,0.95,https://www.amazon.com/dp/B078117B3Q,https://www.amazon.com/s?k=Honees%20Cough%20Drop%20Bars%20Honey%20Lemon%201.6oz,https://www.ebay.com/sch/i.html?_nkw=Honees%20Cough%20Drop%20Bars%20Honey%20Lemon%201.6oz,https://www.google.com/search?q=Honees%20Cough%20Drop%20Bars%20Honey%20Lemon%201.6oz,https://seller.walmart.com/catalog/add-items?search=712411604,N/A,no,no,no,3,0,3,471,iHerb,mfn,$7.29,442,$6.48,$7.99,7.29,0.95,1.28,17.53 %,134.55 %,5.80,1.78,1,OOS,N/A,$5.06,$3.45,0,$0.58,8.00%,$0.00,1,$1.03,$0.30 /lb,$0.03,$0.00,$0.00,$0.00,$0.00,0,$0.00,4.7,670,"Pulling package information from B078117B3Q via amazon.com,3 or less sellers","3.94, 1.18, 0.79 in, 0.09 lbs",3.94,1.18,0.79,0.09,N/A,Computer
"05/16/2025, 12:46 AM PDT","05/16/2025, 03:46 AM EDT","05/16/2025, 02:46 AM CDT","05/16/2025, 12:46 AM PDT","Amore Artichoke Hearts, Herb Infused, 4.4 oz (125 g)",199816448,72248710188,N/A,N/A,Amore,Grocery,Packaged Meals,N/A,N/A,N/A,https://i5.walmartimages.com/seo/Amore-Artichoke-Hearts-Herb-Infused-4-4-oz-125-g_ac8d6e2c-53c5-4466-aeb6-23a9de3050d2.fdd1897e08f11d1c2adf3305308554b0.jpeg,,N/A,https://www.walmart.com/ip/199816448,4.79,https://www.amazon.com/dp/B0F8QXTGJ4,https://www.amazon.com/s?k=Amore%20Artichoke%20Hearts%2C%20Herb%20Infused%2C%204.4%20oz%20(125%20g),https://www.ebay.com/sch/i.html?_nkw=Amore%20Artichoke%20Hearts%2C%20Herb%20Infused%2C%204.4%20oz%20(125%20g),https://www.google.com/search?q=Amore%20Artichoke%20Hearts%2C%20Herb%20Infused%2C%204.4%20oz%20(125%20g),https://seller.walmart.com/catalog/add-items?search=199816448,N/A,no,no,no,2,0,2,152,Italian Import Connection,mfn,$11.99,100,$11.58,$11.99,11.99,4.79,6.24,52.05 %,130.29 %,6.20,8.82,1,$-0.04,N/A,$0.96,$0.00,0,$0.96,8.00%,$0.00,1,$0.00,$0.30 /lb,$0.00,$0.00,$0.00,$0.00,$0.00,0,$0.00,4.5,91,"For better accuracy, we’ve used dimensions from  to provide more precise estimates,3 or less sellers","0.00, 0.00, 0.00 in, 0.00 lbs",0.00,0.00,0.00,0.00,N/A,Computer
"05/16/2025, 03:14 AM PDT","05/16/2025, 06:14 AM EDT","05/16/2025, 05:14 AM CDT","05/16/2025, 03:14 AM PDT",AMUSEMINTS DARK CHOCOLATE EMOTION BAR DREAMY 1.75 OZ 24 ea,263062015,718442507932,N/A,N/A,Amusemints,Grocery,Chocolate Candy,N/A,N/A,N/A,https://i5.walmartimages.com/seo/AMUSEMINTS-DARK-CHOCOLATE-EMOTION-BAR-DREAMY-1-75-OZ-24-ea_da252f66-af30-41fe-88aa-6ea9e29ba72e.803d9412750903dd832de03ad2f74551.jpeg,,N/A,https://www.walmart.com/ip/263062015,32.4,N/A,https://www.amazon.com/s?k=AMUSEMINTS%20DARK%20CHOCOLATE%20EMOTION%20BAR%20DREAMY%201.75%20OZ%2024%20ea,https://www.ebay.com/sch/i.html?_nkw=AMUSEMINTS%20DARK%20CHOCOLATE%20EMOTION%20BAR%20DREAMY%201.75%20OZ%2024%20ea,https://www.google.com/search?q=AMUSEMINTS%20DARK%20CHOCOLATE%20EMOTION%20BAR%20DREAMY%201.75%20OZ%2024%20ea,https://seller.walmart.com/catalog/add-items?search=263062015,N/A,no,no,no,1,0,1,4,Hawaiian Lake,mfn,$56.99,4,$56.99,$56.99,56.99,32.4,16.04,28.15 %,49.51 %,38.05,38.75,1,NA,N/A,$8.55,$0.00,0,$8.55,15.00%,$0.00,1,$0.00,$0.30 /lb,$0.00,$0.00,$0.00,$0.00,$0.00,0,$0.00,,0,"For better accuracy, we’ve used dimensions from  to provide more precise estimates,3 or less sellers","0.00, 0.00, 0.00 in, 0.00 lbs",0.00,0.00,0.00,0.00,N/A,Computer
"05/16/2025, 03:16 AM PDT","05/16/2025, 06:16 AM EDT","05/16/2025, 05:16 AM CDT","05/16/2025, 03:16 AM PDT",AMUSEMINTS MILK CHOCOLATE WITH CRISPY EMOTION BAR AMUSED 1.75 OZ 24 ea,863628732,718442507925,N/A,N/A,Amusemints,Grocery,Chocolate Candy,N/A,N/A,N/A,https://i5.walmartimages.com/seo/AMUSEMINTS-MILK-CHOCOLATE-WITH-CRISPY-EMOTION-BAR-AMUSED-1-75-OZ-24-ea_bbe43d18-0745-430f-b098-3c7013aeb5f4.4c3d97aec929fb6092cc3f0978f50eea.jpeg,,N/A,https://www.walmart.com/ip/863628732,32.4,N/A,https://www.amazon.com/s?k=AMUSEMINTS%20MILK%20CHOCOLATE%20WITH%20CRISPY%20EMOTION%20BAR%20AMUSED%201.75%20OZ%2024%20ea,https://www.ebay.com/sch/i.html?_nkw=AMUSEMINTS%20MILK%20CHOCOLATE%20WITH%20CRISPY%20EMOTION%20BAR%20AMUSED%201.75%20OZ%2024%20ea,https://www.google.com/search?q=AMUSEMINTS%20MILK%20CHOCOLATE%20WITH%20CRISPY%20EMOTION%20BAR%20AMUSED%201.75%20OZ%2024%20ea,https://seller.walmart.com/catalog/add-items?search=863628732,N/A,no,no,no,1,0,1,2,Hawaiian Lake,mfn,$56.99,2,$56.99,$56.99,56.99,32.4,16.04,28.15 %,49.51 %,38.05,38.75,1,NA,N/A,$8.55,$0.00,0,$8.55,15.00%,$0.00,1,$0.00,$0.30 /lb,$0.00,$0.00,$0.00,$0.00,$0.00,0,$0.00,,0,"For better accuracy, we’ve used dimensions from  to provide more precise estimates,3 or less sellers","0.00, 0.00, 0.00 in, 0.00 lbs",0.00,0.00,0.00,0.00,N/A,Computer
"05/16/2025, 03:17 AM PDT","05/16/2025, 06:17 AM EDT","05/16/2025, 05:17 AM CDT","05/16/2025, 03:17 AM PDT",AMUSEMINTS DARK CHOCOLATE ESPRESSO EMOTION BAR CRANKY 1.75 OZ 24 ea,757900104,718442507949,N/A,N/A,Amusemints,Grocery,Chocolate Candy,N/A,N/A,N/A,https://i5.walmartimages.com/seo/AMUSEMINTS-DARK-CHOCOLATE-ESPRESSO-EMOTION-BAR-CRANKY-1-75-OZ-24-ea_56d7253e-2504-4076-8cf2-9b33bda199a6.c2b89de526ff9d10fe58fdc8e5fba88a.jpeg,,N/A,https://www.walmart.com/ip/757900104,32.4,N/A,https://www.amazon.com/s?k=AMUSEMINTS%20DARK%20CHOCOLATE%20ESPRESSO%20EMOTION%20BAR%20CRANKY%201.75%20OZ%2024%20ea,https://www.ebay.com/sch/i.html?_nkw=AMUSEMINTS%20DARK%20CHOCOLATE%20ESPRESSO%20EMOTION%20BAR%20CRANKY%201.75%20OZ%2024%20ea,https://www.google.com/search?q=AMUSEMINTS%20DARK%20CHOCOLATE%20ESPRESSO%20EMOTION%20BAR%20CRANKY%201.75%20OZ%2024%20ea,https://seller.walmart.com/catalog/add-items?search=757900104,N/A,no,no,no,1,0,1,4,Hawaiian Lake,mfn,$56.99,4,$56.99,$56.99,56.99,32.4,16.04,28.15 %,49.51 %,38.05,38.75,1,NA,N/A,$8.55,$0.00,0,$8.55,15.00%,$0.00,1,$0.00,$0.30 /lb,$0.00,$0.00,$0.00,$0.00,$0.00,0,$0.00,,0,"For better accuracy, we’ve used dimensions from  to provide more precise estimates,3 or less sellers","0.00, 0.00, 0.00 in, 0.00 lbs",0.00,0.00,0.00,0.00,N/A,Computer
"05/16/2025, 03:17 AM PDT","05/16/2025, 06:17 AM EDT","05/16/2025, 05:17 AM CDT","05/16/2025, 03:17 AM PDT",AMUSEMINTS MILK CHOCOLATE S'MORES EMOTION BAR CUDDLY 1.75 OZ 24 ea,663073591,718442507956,N/A,N/A,Amusemints,Grocery,Chocolate Candy,N/A,N/A,N/A,https://i5.walmartimages.com/seo/AMUSEMINTS-MILK-CHOCOLATE-S-MORES-EMOTION-BAR-CUDDLY-1-75-OZ-24-ea_4ddf2085-7f7c-4126-b35a-e2421d2ab338.fc5ac10e8cc4801ff61889c36b521839.jpeg,,N/A,https://www.walmart.com/ip/663073591,32.4,N/A,https://www.amazon.com/s?k=AMUSEMINTS%20MILK%20CHOCOLATE%20S'MORES%20EMOTION%20BAR%20CUDDLY%201.75%20OZ%2024%20ea,https://www.ebay.com/sch/i.html?_nkw=AMUSEMINTS%20MILK%20CHOCOLATE%20S'MORES%20EMOTION%20BAR%20CUDDLY%201.75%20OZ%2024%20ea,https://www.google.com/search?q=AMUSEMINTS%20MILK%20CHOCOLATE%20S'MORES%20EMOTION%20BAR%20CUDDLY%201.75%20OZ%2024%20ea,https://seller.walmart.com/catalog/add-items?search=663073591,N/A,no,no,no,1,0,1,2,Hawaiian Lake,mfn,$56.99,2,$56.99,$56.99,56.99,32.4,16.04,28.15 %,49.51 %,38.05,38.75,1,NA,N/A,$8.55,$0.00,0,$8.55,15.00%,$0.00,1,$0.00,$0.30 /lb,$0.00,$0.00,$0.00,$0.00,$0.00,0,$0.00,,0,"For better accuracy, we’ve used dimensions from  to provide more precise estimates,3 or less sellers","0.00, 0.00, 0.00 in, 0.00 lbs",0.00,0.00,0.00,0.00,N/A,Computer
"05/16/2025, 03:18 AM PDT","05/16/2025, 06:18 AM EDT","05/16/2025, 05:18 AM CDT","05/16/2025, 03:18 AM PDT",AMUSEMINTS MILK CHOCOLATE POPPING EMOTION BAR SURPRISE 1.75 OZ,681958206,718442507963,N/A,N/A,Amusemints,Grocery,Chocolate Candy,N/A,N/A,N/A,https://i5.walmartimages.com/seo/AMUSEMINTS-MILK-CHOCOLATE-POPPING-EMOTION-BAR-SURPRISE-1-75-OZ_36ff5986-2715-406a-8fce-468d277ef060.2e15168e36780917a1bc81f81b7c98d2.jpeg,,N/A,https://www.walmart.com/ip/681958206,32.4,N/A,https://www.amazon.com/s?k=AMUSEMINTS%20MILK%20CHOCOLATE%20POPPING%20EMOTION%20BAR%20SURPRISE%201.75%20OZ,https://www.ebay.com/sch/i.html?_nkw=AMUSEMINTS%20MILK%20CHOCOLATE%20POPPING%20EMOTION%20BAR%20SURPRISE%201.75%20OZ,https://www.google.com/search?q=AMUSEMINTS%20MILK%20CHOCOLATE%20POPPING%20EMOTION%20BAR%20SURPRISE%201.75%20OZ,https://seller.walmart.com/catalog/add-items?search=681958206,N/A,no,no,no,1,0,1,2,Hawaiian Lake,mfn,$56.99,2,$56.99,$56.99,56.99,32.4,12.52,21.98 %,38.65 %,42.15,35.94,1,NA,N/A,$12.07,$3.45,0,$8.55,15.00%,$0.01,1,$0.06,$0.30 /lb,$0.06,$0.00,$0.00,$0.00,$0.00,0,$0.00,,0,"For better accuracy, we’ve used dimensions from B00JNSR4MC to provide more precise estimates,3 or less sellers","6.69, 4.29, 0.59 in, 0.20 lbs",6.69,4.29,0.59,0.20,N/A,Computer
"05/16/2025, 03:29 AM PDT","05/16/2025, 06:29 AM EDT","05/16/2025, 05:29 AM CDT","05/16/2025, 03:29 AM PDT","Amy & Brian All Natural Coconut Juice with Pulp, 17.5 Fl. Oz., 12 Count",25921056,721332820059,N/A,N/A,Amy & Brian,Grocery,Coconut Water,N/A,N/A,724765,https://i5.walmartimages.com/seo/Amy-Brian-All-Natural-Coconut-Juice-with-Pulp-17-5-Fl-Oz-12-Count_29d8c3bf-a41a-4acd-9d2a-2f7e0df1ad7d.79c3ff59aa1395def33af4c010ba5403.jpeg,,N/A,https://www.walmart.com/ip/25921056,23.64,https://www.amazon.com/dp/B005ZHPZ8A,https://www.amazon.com/s?k=Amy%20%26%20Brian%20All%20Natural%20Coconut%20Juice%20with%20Pulp%2C%2017.5%20Fl.%20Oz.%2C%2012%20Count,https://www.ebay.com/sch/i.html?_nkw=Amy%20%26%20Brian%20All%20Natural%20Coconut%20Juice%20with%20Pulp%2C%2017.5%20Fl.%20Oz.%2C%2012%20Count,https://www.google.com/search?q=Amy%20%26%20Brian%20All%20Natural%20Coconut%20Juice%20with%20Pulp%2C%2017.5%20Fl.%20Oz.%2C%2012%20Count,https://seller.walmart.com/catalog/add-items?search=25921056,N/A,no,no,no,0,0,0,0,N/A,N/A,0,,,Price,29.88,23.64,1.76,5.88 %,7.44 %,27.70,20.32,1,$266.31,N/A,$4.48,$0.00,0,$4.48,15.00%,$0.00,1,$0.00,$0.30 /lb,$0.00,$0.00,$0.00,$0.00,$0.00,0,$0.00,4,1,"For better accuracy, we’ve used dimensions from  to provide more precise estimates,3 or less sellers","0.00, 0.00, 0.00 in, 0.00 lbs",0.00,0.00,0.00,0.00,N/A,Computer
"05/16/2025, 03:34 AM PDT","05/16/2025, 06:34 AM EDT","05/16/2025, 05:34 AM CDT","05/16/2025, 03:34 AM PDT","Ancient Harvest Gluten-Free Traditional White Grain Organic Quinoa, 14.4 oz",10533070,89125120008,Single,2,Ancient Harvest,Grocery,Grains,N/A,N/A,0008912512000,https://i5.walmartimages.com/seo/Ancient-Harvest-Gluten-Free-Traditional-White-Grain-Organic-Quinoa-14-4-oz_fd90b8bf-9cb1-45bc-bd2f-c8f4d6337f00.41816d30c5dbb02ce2884988657ad4fe.jpeg,,N/A,https://www.walmart.com/ip/10533070,5.55,https://www.amazon.com/dp/B005GXFKWO,https://www.amazon.com/s?k=Ancient%20Harvest%20Gluten-Free%20Traditional%20White%20Grain%20Organic%20Quinoa%2C%2014.4%20oz,https://www.ebay.com/sch/i.html?_nkw=Ancient%20Harvest%20Gluten-Free%20Traditional%20White%20Grain%20Organic%20Quinoa%2C%2014.4%20oz,https://www.google.com/search?q=Ancient%20Harvest%20Gluten-Free%20Traditional%20White%20Grain%20Organic%20Quinoa%2C%2014.4%20oz,https://seller.walmart.com/catalog/add-items?search=10533070,N/A,no,yes,no,2,1,1,993,Y&YY 613,wfs,$10.99,3,$10.99,$12.99,10.99,5.55,4.56,41.50 %,82.18 %,7.05,8.09,1,$106.17,N/A,$0.88,$0.00,0,$0.88,8.00%,$0.00,1,$0.00,$0.30 /lb,$0.00,$0.00,$0.00,$0.00,$0.00,0,$0.00,4.9,59,"The listing has 2 variations,For better accuracy, we’ve used dimensions from  to provide more precise estimates,3 or less sellers","0.00, 0.00, 0.00 in, 0.00 lbs",0.00,0.00,0.00,0.00,N/A,Computer
"05/16/2025, 03:35 AM PDT","05/16/2025, 06:35 AM EDT","05/16/2025, 05:35 AM CDT","05/16/2025, 03:35 AM PDT","Ancient Harvest Organic Quinoa – Tri-Color Harmony Blend, 14.4 OZ",36287328,89125180002,Single,2,Ancient Harvest,Grocery,Grains,N/A,N/A,18000,https://i5.walmartimages.com/seo/Ancient-Harvest-Organic-Quinoa-Tri-Color-Harmony-Blend-14-4-OZ_7b2827a0-2867-47db-972d-ddbcc38fd4fe.84abb25469a45ff5f9909a29ef9a723b.jpeg,,N/A,https://www.walmart.com/ip/36287328,5.55,https://www.amazon.com/dp/B00JH5S2U4,https://www.amazon.com/s?k=Ancient%20Harvest%20Organic%20Quinoa%20%E2%80%93%20Tri-Color%20Harmony%20Blend%2C%2014.4%20OZ,https://www.ebay.com/sch/i.html?_nkw=Ancient%20Harvest%20Organic%20Quinoa%20%E2%80%93%20Tri-Color%20Harmony%20Blend%2C%2014.4%20OZ,https://www.google.com/search?q=Ancient%20Harvest%20Organic%20Quinoa%20%E2%80%93%20Tri-Color%20Harmony%20Blend%2C%2014.4%20OZ,https://seller.walmart.com/catalog/add-items?search=36287328,N/A,no,no,no,4,0,4,92,Deal Depot Enterprises,mfn,$14.96,10,$14.96,$15.26,14.96,5.55,8.21,54.90 %,147.99 %,7.05,11.01,1,OOS,N/A,$1.20,$0.00,0,$1.20,8.00%,$0.00,1,$0.00,$0.30 /lb,$0.00,$0.00,$0.00,$0.00,$0.00,0,$0.00,4.5,152,"The listing has 2 variations,For better accuracy, we’ve used dimensions from  to provide more precise estimates","0.00, 0.00, 0.00 in, 0.00 lbs",0.00,0.00,0.00,0.00,N/A,Computer
"05/16/2025, 03:36 AM PDT","05/16/2025, 06:36 AM EDT","05/16/2025, 05:36 AM CDT","05/16/2025, 03:36 AM PDT","Ancient Harvest Organic Supergrain Pasta, 8 Oz",31000909,89125250002,N/A,N/A,Ancient Harvest,Grocery,Pasta,N/A,N/A,IMPO25250002,https://i5.walmartimages.com/seo/Ancient-Harvest-Organic-Supergrain-Pasta-8-Oz_f0dacb0c-dc78-473c-bb32-59b62ac4038c.95e0ef792a38b727ac41f23b6bbfb5e1.jpeg,,N/A,https://www.walmart.com/ip/31000909,2.89,https://www.amazon.com/dp/B005764Z4O,https://www.amazon.com/s?k=Ancient%20Harvest%20Organic%20Supergrain%20Pasta%2C%208%20Oz,https://www.ebay.com/sch/i.html?_nkw=Ancient%20Harvest%20Organic%20Supergrain%20Pasta%2C%208%20Oz,https://www.google.com/search?q=Ancient%20Harvest%20Organic%20Supergrain%20Pasta%2C%208%20Oz,https://seller.walmart.com/catalog/add-items?search=31000909,N/A,no,no,no,1,0,1,10,DropAir,mfn,$12.34,10,$12.34,$12.34,12.34,2.89,1.54,12.46 %,53.21 %,10.60,3.54,1,$38.16,N/A,$7.91,$5.75,0,$0.99,8.00%,$0.10,1,$1.07,$0.30 /lb,$1.07,$0.00,$0.00,$0.00,$0.00,0,$0.00,3.7,3,"Pulling package information from B005764Z4O via amazon.com,3 or less sellers","11.69, 6.34, 3.23 in, 3.57 lbs",11.69,6.34,3.23,3.57,N/A,Computer
"05/16/2025, 03:38 AM PDT","05/16/2025, 06:38 AM EDT","05/16/2025, 05:38 AM CDT","05/16/2025, 03:38 AM PDT","Ancient Harvest Organic Quinoa Pasta, Elbows, 8 Ounce (Pack of 12)",2879155641,462879155647,N/A,N/A,Ancient Harvest,Grocery,Pasta,N/A,N/A,N/A,https://i5.walmartimages.com/seo/Ancient-Harvest-Organic-Quinoa-Pasta-Elbows-8-Ounce-Pack-of-12_66464af3-ddc5-4737-8675-e5944bf5ecbe.e5d2025eb2e3f56fb500b86b01422ff7.jpeg,,N/A,https://www.walmart.com/ip/2879155641,34.68,N/A,https://www.amazon.com/s?k=Ancient%20Harvest%20Organic%20Quinoa%20Pasta%2C%20Elbows%2C%208%20Ounce%20(Pack%20of%2012),https://www.ebay.com/sch/i.html?_nkw=Ancient%20Harvest%20Organic%20Quinoa%20Pasta%2C%20Elbows%2C%208%20Ounce%20(Pack%20of%2012),https://www.google.com/search?q=Ancient%20Harvest%20Organic%20Quinoa%20Pasta%2C%20Elbows%2C%208%20Ounce%20(Pack%20of%2012),https://seller.walmart.com/catalog/add-items?search=2879155641,N/A,no,no,no,1,0,1,28,shopGourmet.com,mfn,$54.11,28,$54.11,$54.11,54.11,34.68,11.31,20.91 %,32.62 %,40.70,36.79,1,NA,N/A,$8.12,$0.00,0,$8.12,15.00%,$0.00,1,$0.00,$0.30 /lb,$0.00,$0.00,$0.00,$0.00,$0.00,0,$0.00,,0,"For better accuracy, we’ve used dimensions from  to provide more precise estimates,3 or less sellers","0.00, 0.00, 0.00 in, 0.00 lbs",0.00,0.00,0.00,0.00,N/A,Computer
"05/16/2025, 03:41 AM PDT","05/16/2025, 06:41 AM EDT","05/16/2025, 05:41 AM CDT","05/16/2025, 03:41 AM PDT",Food Merchants Organic Polenta Traditional 18 oz,46401552,659201102015,N/A,N/A,Ancient Harvest,Grocery,Grits,N/A,N/A,0953984,https://i5.walmartimages.com/seo/Food-Merchants-Organic-Polenta-Traditional-18-oz_12c75a1f-1422-4041-8714-40bb9a80d0c7.6a2c6e3274ebf10e3aad1ef732f3a822.jpeg,,N/A,https://www.walmart.com/ip/46401552,31.68,https://www.amazon.com/dp/B005GWYY54,https://www.amazon.com/s?k=Food%20Merchants%20Organic%20Polenta%20Traditional%2018%20oz,https://www.ebay.com/sch/i.html?_nkw=Food%20Merchants%20Organic%20Polenta%20Traditional%2018%20oz,https://www.google.com/search?q=Food%20Merchants%20Organic%20Polenta%20Traditional%2018%20oz,https://seller.walmart.com/catalog/add-items?search=46401552,N/A,no,no,no,1,0,1,9999,Online Grocery Outlet,mfn,$56.34,9999,$56.34,$56.34,56.34,31.68,16.21,28.77 %,51.16 %,37.20,38.31,1,$67.49,N/A,$8.45,$0.00,0,$8.45,15.00%,$0.00,1,$0.00,$0.30 /lb,$0.00,$0.00,$0.00,$0.00,$0.00,0,$0.00,,0,"For better accuracy, we’ve used dimensions from  to provide more precise estimates,3 or less sellers","0.00, 0.00, 0.00 in, 0.00 lbs",0.00,0.00,0.00,0.00,N/A,Computer
"05/16/2025, 03:43 AM PDT","05/16/2025, 06:43 AM EDT","05/16/2025, 05:43 AM CDT","05/16/2025, 03:43 AM PDT","Pack of 6, Ancient Harvest Green Lentil Penne Plant-Based Protein Pasta, 9.6 oz",15224321820,460069697779,N/A,N/A,Ancient Harvest,Grocery,Pasta,N/A,N/A,N/A,https://i5.walmartimages.com/seo/Pack-of-6-Ancient-Harvest-Green-Lentil-Penne-Plant-Based-Protein-Pasta-9-6-oz_bfc299a2-5bfb-4eee-ba61-f141e22be7dc.d0530fc6e2b987ae6e6b558bf52e60fd.png,,N/A,https://www.walmart.com/ip/15224321820,18.78,N/A,https://www.amazon.com/s?k=Pack%20of%206%2C%20Ancient%20Harvest%20Green%20Lentil%20Penne%20Plant-Based%20Protein%20Pasta%2C%209.6%20oz,https://www.ebay.com/sch/i.html?_nkw=Pack%20of%206%2C%20Ancient%20Harvest%20Green%20Lentil%20Penne%20Plant-Based%20Protein%20Pasta%2C%209.6%20oz,https://www.google.com/search?q=Pack%20of%206%2C%20Ancient%20Harvest%20Green%20Lentil%20Penne%20Plant-Based%20Protein%20Pasta%2C%209.6%20oz,https://seller.walmart.com/catalog/add-items?search=15224321820,N/A,no,no,no,1,0,1,6,shopGourmet.com,mfn,$39.48,6,$39.48,$39.48,39.48,18.78,7.14,18.09 %,38.04 %,31.00,20.74,1,NA,N/A,$13.56,$6.15,0,$5.92,15.00%,$0.22,1,$1.26,$0.30 /lb,$1.26,$0.00,$0.00,$0.00,$0.00,0,$0.00,,0,"For better accuracy, we’ve used dimensions from B00VV8EERU to provide more precise estimates,3 or less sellers","10.35, 7.87, 6.26 in, 4.21 lbs",10.35,7.87,6.26,4.21,N/A,Computer
"05/16/2025, 03:46 AM PDT","05/16/2025, 06:46 AM EDT","05/16/2025, 05:46 AM CDT","05/16/2025, 03:46 AM PDT","Ancient Harvest Pow! Pasta, 8 Oz",126884410,89125260308,N/A,N/A,Ancient Harvest,Grocery,Pasta,N/A,N/A,1702216,https://i5.walmartimages.com/seo/Ancient-Harvest-Pow-Pasta-8-Oz_97706b70-2c35-44f9-8b66-0fae6459a845_1.278a0116e09c9edd1ee30b92909f4e0a.jpeg,,N/A,https://www.walmart.com/ip/126884410,3.13,https://www.amazon.com/dp/B07DLFYLXZ,https://www.amazon.com/s?k=Ancient%20Harvest%20Pow!%20Pasta%2C%208%20Oz,https://www.ebay.com/sch/i.html?_nkw=Ancient%20Harvest%20Pow!%20Pasta%2C%208%20Oz,https://www.google.com/search?q=Ancient%20Harvest%20Pow!%20Pasta%2C%208%20Oz,https://seller.walmart.com/catalog/add-items?search=126884410,N/A,no,no,no,1,0,1,64,iHerb,mfn,$11.28,64,$11.28,$11.28,11.28,3.13,7.25,64.25 %,231.55 %,4.40,8.30,1,$41.58,N/A,$0.90,$0.00,0,$0.90,8.00%,$0.00,1,$0.00,$0.30 /lb,$0.00,$0.00,$0.00,$0.00,$0.00,0,$0.00,4.5,131,"For better accuracy, we’ve used dimensions from  to provide more precise estimates,3 or less sellers","0.00, 0.00, 0.00 in, 0.00 lbs",0.00,0.00,0.00,0.00,N/A,Computer
"05/16/2025, 03:48 AM PDT","05/16/2025, 06:48 AM EDT","05/16/2025, 05:48 AM CDT","05/16/2025, 03:48 AM PDT","BAYSIDE CANDY ANDES MINT, 5LBS",405309550,760680565861,5 lbs,2,Andes,Grocery,Mint Candy,N/A,N/A,N/A,https://i5.walmartimages.com/seo/BAYSIDE-CANDY-ANDES-MINT-5LBS_03f4e01e-7a99-454c-bd60-ad23b7d3322f_1.0ea17ce85ce64dbf52d81a87d31fa5a3.jpeg,,N/A,https://www.walmart.com/ip/405309550,26.85,N/A,https://www.amazon.com/s?k=BAYSIDE%20CANDY%20ANDES%20MINT%2C%205LBS,https://www.ebay.com/sch/i.html?_nkw=BAYSIDE%20CANDY%20ANDES%20MINT%2C%205LBS,https://www.google.com/search?q=BAYSIDE%20CANDY%20ANDES%20MINT%2C%205LBS,https://seller.walmart.com/catalog/add-items?search=405309550,N/A,no,no,no,1,0,1,499,Bayside Candy Inc.,mfn,$43.75,499,$43.75,$43.75,43.75,26.85,10.34,23.63 %,38.50 %,31.50,29.75,1,NA,N/A,$6.56,$0.00,0,$6.56,15.00%,$0.00,1,$0.00,$0.30 /lb,$0.00,$0.00,$0.00,$0.00,$0.00,0,$0.00,4.1,18,"The listing has 2 variations,For better accuracy, we’ve used dimensions from  to provide more precise estimates,3 or less sellers","0.00, 0.00, 0.00 in, 0.00 lbs",0.00,0.00,0.00,0.00,N/A,Computer
"05/16/2025, 03:51 AM PDT","05/16/2025, 06:51 AM EDT","05/16/2025, 05:51 AM CDT","05/16/2025, 03:51 AM PDT","Angie's BOOMCHICKAPOP Light Kettle Corn Popcorn, 5 oz.",29900848,892773000697,N/A,N/A,Angie's BOOMCHICKAPOP,Grocery,Popcorns,N/A,N/A,5300,https://i5.walmartimages.com/seo/Angie-s-BOOMCHICKAPOP-Light-Kettle-Corn-Popcorn-5-oz_509a31df-20d7-4118-8a50-0221ec7a2436.0b766a0d6138d8953edc9ddfe82fd15c.jpeg,,N/A,https://www.walmart.com/ip/29900848,3.83,https://www.amazon.com/dp/B019DMYZ60,https://www.amazon.com/s?k=Angie's%20BOOMCHICKAPOP%20Light%20Kettle%20Corn%20Popcorn%2C%205%20oz.,https://www.ebay.com/sch/i.html?_nkw=Angie's%20BOOMCHICKAPOP%20Light%20Kettle%20Corn%20Popcorn%2C%205%20oz.,https://www.google.com/search?q=Angie's%20BOOMCHICKAPOP%20Light%20Kettle%20Corn%20Popcorn%2C%205%20oz.,https://seller.walmart.com/catalog/add-items?search=29900848,N/A,no,no,no,2,0,2,66,WF Market,mfn,$8.40,61,$8.40,$9.39,8.4,3.83,-0.78,-9.24 %,-20.26 %,9.15,2.44,1,OOS,N/A,$5.35,$3.45,0,$0.67,8.00%,$0.13,1,$1.09,$0.30 /lb,$0.09,$0.00,$0.00,$0.00,$0.00,0,$0.00,4.6,25,3 or less sellers,"11.50, 7.50, 3.50 in, 0.31 lbs",11.50,7.50,3.50,0.31,N/A,Computer
"05/16/2025, 04:03 AM PDT","05/16/2025, 07:03 AM EDT","05/16/2025, 06:03 AM CDT","05/16/2025, 04:03 AM PDT",Abba-Zaba Chewy Taffy Candy Bar 1.8 oz.,137923700,70602063000,1 Bar,1,Annabelle's,Grocery,Taffy Candy,N/A,N/A,0,https://i5.walmartimages.com/seo/Abba-Zaba-Chewy-Taffy-Candy-Bar-1-8-oz_3b4a4272-79de-4cb2-b0d9-84aaf3dab4fe.30a912d211dd7c17f1c211028105f23f.jpeg,,N/A,https://www.walmart.com/ip/137923700,1.06,https://www.amazon.com/dp/B0055MU116,https://www.amazon.com/s?k=Abba-Zaba%20Chewy%20Taffy%20Candy%20Bar%201.8%20oz.,https://www.ebay.com/sch/i.html?_nkw=Abba-Zaba%20Chewy%20Taffy%20Candy%20Bar%201.8%20oz.,https://www.google.com/search?q=Abba-Zaba%20Chewy%20Taffy%20Candy%20Bar%201.8%20oz.,https://seller.walmart.com/catalog/add-items?search=137923700,N/A,no,no,no,0,0,0,0,N/A,N/A,0,,,Price,8.92,1.06,2.65,29.72 %,250.10 %,5.95,2.97,1,OOS,N/A,$5.21,$3.45,0,$0.71,8.00%,$0.00,1,$1.04,$0.30 /lb,$0.04,$0.00,$0.00,$0.00,$0.00,0,$0.00,2,4,"Walmart.com is on the listing,3 or less sellers","7.64, 1.81, 0.55 in, 0.14 lbs",7.64,1.81,0.55,0.14,N/A,Computer
"05/16/2025, 04:06 AM PDT","05/16/2025, 07:06 AM EDT","05/16/2025, 06:06 AM CDT","05/16/2025, 04:06 AM PDT","Anna's Swedish Orange Thin Cookies, 5.25 Oz.",33305843,54358018262,N/A,N/A,Anna's,Grocery,Cookies,N/A,N/A,054358018262,https://i5.walmartimages.com/seo/Anna-s-Swedish-Orange-Thin-Cookies-5-25-Oz_058adce6-1d33-4ea1-9bb3-fc4e29d7862c.a9216683989cd890bf7d0934b7056627.jpeg,,N/A,https://www.walmart.com/ip/33305843,2.53,https://www.amazon.com/dp/B00E0N085K,https://www.amazon.com/s?k=Anna's%20Swedish%20Orange%20Thin%20Cookies%2C%205.25%20Oz.,https://www.ebay.com/sch/i.html?_nkw=Anna's%20Swedish%20Orange%20Thin%20Cookies%2C%205.25%20Oz.,https://www.google.com/search?q=Anna's%20Swedish%20Orange%20Thin%20Cookies%2C%205.25%20Oz.,https://seller.walmart.com/catalog/add-items?search=33305843,N/A,no,no,no,3,0,3,24,SANTARA,mfn,$10.97,8,$10.97,$16.95,10.97,2.53,3.93,35.86 %,155.48 %,7.70,5.17,1,$8.99,N/A,$4.51,$3.45,0,$0.88,8.00%,$0.06,1,$0.12,$0.30 /lb,$0.12,$0.00,$0.00,$0.00,$0.00,0,$0.00,5,1,"Pulling package information from B00E0N085K via amazon.com,3 or less sellers","5.98, 5.91, 4.02 in, 0.39 lbs",5.98,5.91,4.02,0.39,N/A,Computer
"05/16/2025, 04:13 AM PDT","05/16/2025, 07:13 AM EDT","05/16/2025, 06:13 AM CDT","05/16/2025, 04:13 AM PDT","Antioxidant Trail Mix, (10 Pounds)",133850261,618645284077,N/A,N/A,Nassau Candy,Grocery,Trail Mixes,N/A,N/A,N/A,https://i5.walmartimages.com/seo/Antioxidant-Trail-Mix-10-Pounds_c276aedf-55b2-40b2-94c9-ea6d31b15fec.6c579db0ffa29dd4da1271c5b59cd822.jpeg,,N/A,https://www.walmart.com/ip/133850261,69.6,https://www.amazon.com/dp/B08RSNRKPV,https://www.amazon.com/s?k=Antioxidant%20Trail%20Mix%2C%20(10%20Pounds),https://www.ebay.com/sch/i.html?_nkw=Antioxidant%20Trail%20Mix%2C%20(10%20Pounds),https://www.google.com/search?q=Antioxidant%20Trail%20Mix%2C%20(10%20Pounds),https://seller.walmart.com/catalog/add-items?search=133850261,N/A,no,no,no,1,0,1,4,Hawaiian Lake,mfn,$84.99,4,$84.99,$84.99,84.99,69.6,2.64,3.11 %,3.80 %,81.80,57.79,1,$82.99,N/A,$12.75,$0.00,0,$12.75,15.00%,$0.00,1,$0.00,$0.30 /lb,$0.00,$0.00,$0.00,$0.00,$0.00,0,$0.00,,0,"For better accuracy, we’ve used dimensions from  to provide more precise estimates,3 or less sellers","0.00, 0.00, 0.00 in, 0.00 lbs",0.00,0.00,0.00,0.00,N/A,Computer
"05/16/2025, 04:21 AM PDT","05/16/2025, 07:21 AM EDT","05/16/2025, 06:21 AM CDT","05/16/2025, 04:21 AM PDT","AriZona Mucho Mango Juice Drink, 20 Fl Oz (Pack of 24)",999664312,613008741327,N/A,N/A,AriZona,Grocery,Juices,Arizona,N/A,N/A,https://i5.walmartimages.com/seo/AriZona-Mucho-Mango-Juice-Drink-20-Fl-Oz-Pack-of-24_5fcd1573-6943-43ce-9faf-461dd4561494.c1d377574e8c82873f6d0dfe0124b17f.jpeg,,N/A,https://www.walmart.com/ip/999664312,23.76,https://www.amazon.com/dp/B09238WRB2,https://www.amazon.com/s?k=AriZona%20Mucho%20Mango%20Juice%20Drink%2C%2020%20Fl%20Oz%20(Pack%20of%2024),https://www.ebay.com/sch/i.html?_nkw=AriZona%20Mucho%20Mango%20Juice%20Drink%2C%2020%20Fl%20Oz%20(Pack%20of%2024),https://www.google.com/search?q=AriZona%20Mucho%20Mango%20Juice%20Drink%2C%2020%20Fl%20Oz%20(Pack%20of%2024),https://seller.walmart.com/catalog/add-items?search=999664312,N/A,no,yes,no,1,0,1,1555,Valyou General,mfn,$75.84,1555,$75.84,$75.84,75.84,23.76,13.08,17.24 %,55.04 %,60.35,29.47,1,$25.00,N/A,$39.00,$16.55,0,$11.38,15.00%,$0.62,1,$10.45,$0.30 /lb,$10.45,$0.00,$0.00,$0.00,$0.00,0,$0.00,,0,"Pulling package information from B09238WRB2 via amazon.com,3 or less sellers","15.00, 10.98, 8.74 in, 34.84 lbs",15.00,10.98,8.74,34.84,N/A,Computer
"05/16/2025, 04:27 AM PDT","05/16/2025, 07:27 AM EDT","05/16/2025, 06:27 AM CDT","05/16/2025, 04:27 AM PDT","Artisan Tropic, Sea Salt Flavored Cassava Chips, 4.5 oz",903628576,868706000133,N/A,N/A,Artisan Tropic,Grocery,Snack Chips,Artisan Tropic,N/A,Unbranded,https://i5.walmartimages.com/seo/Artisan-Tropic-Sea-Salt-Flavored-Cassava-Chips-4-5-oz_d7784281-eaf1-424d-a2c5-b1472e9d3e5b.b9397a40cf2cfcdf9ba8dc86ddf18b55.jpeg,,N/A,https://www.walmart.com/ip/903628576,3.59,https://www.amazon.com/dp/B06X9YT5K8,https://www.amazon.com/s?k=Artisan%20Tropic%2C%20Sea%20Salt%20Flavored%20Cassava%20Chips%2C%204.5%20oz,https://www.ebay.com/sch/i.html?_nkw=Artisan%20Tropic%2C%20Sea%20Salt%20Flavored%20Cassava%20Chips%2C%204.5%20oz,https://www.google.com/search?q=Artisan%20Tropic%2C%20Sea%20Salt%20Flavored%20Cassava%20Chips%2C%204.5%20oz,https://seller.walmart.com/catalog/add-items?search=903628576,N/A,no,yes,no,1,1,0,227,"Artisan Tropic, LLC",wfs,$5.49,227,$5.49,$5.49,5.49,3.59,0.46,8.39 %,12.84 %,4.90,3.24,1,$11.00,1k+ units sold this month on Amazon,$1.44,$0.00,0,$0.44,8.00%,$0.00,1,$1.00,$0.30 /lb,$0.00,$0.00,$0.00,$0.00,$0.00,0,$0.00,4.9,22,"For better accuracy, we’ve used dimensions from  to provide more precise estimates,3 or less sellers","0.00, 0.00, 0.00 in, 0.00 lbs",0.00,0.00,0.00,0.00,N/A,Computer
"05/16/2025, 04:28 AM PDT","05/16/2025, 07:28 AM EDT","05/16/2025, 06:28 AM CDT","05/16/2025, 04:28 AM PDT","Asher's Chocolates, Chocolate Covered Graham Crackers, Gourmet Sweet and Salty Candy, Small Batches of Kosher Chocolate, Family Owned Since 1892, (7.15oz, Dark Chocolate)",101625458,89449703604,Dark Chocolate,1,Asher's Chocolate,Grocery,Chocolate Covered Snacks,N/A,N/A,N/A,https://i5.walmartimages.com/seo/Asher-s-Chocolates-Chocolate-Covered-Graham-Crackers-Gourmet-Sweet-Salty-Candy-Small-Batches-Kosher-Chocolate-Family-Owned-Since-1892-7-15oz-Dark-Cho_5dd177b0-5bd7-4521-a8a2-90018a0a9a85.f5518b9314b752edb2f88aa9afc8cfb0.jpeg,,N/A,https://www.walmart.com/ip/101625458,6.58,https://www.amazon.com/dp/B010OURDH8,https://www.amazon.com/s?k=Asher's%20Chocolates%2C%20Chocolate%20Covered%20Graham%20Crackers%2C%20Gourmet%20Sweet%20and%20Salty%20Candy%2C%20Small%20Batches%20of%20Kosher%20Chocolate%2C%20Family%20Owned%20Since%201892%2C%20(7.15oz%2C%20Dark%20Chocolate),https://www.ebay.com/sch/i.html?_nkw=Asher's%20Chocolates%2C%20Chocolate%20Covered%20Graham%20Crackers%2C%20Gourmet%20Sweet%20and%20Salty%20Candy%2C%20Small%20Batches%20of%20Kosher%20Chocolate%2C%20Family%20Owned%20Since%201892%2C%20(7.15oz%2C%20Dark%20Chocolate),https://www.google.com/search?q=Asher's%20Chocolates%2C%20Chocolate%20Covered%20Graham%20Crackers%2C%20Gourmet%20Sweet%20and%20Salty%20Candy%2C%20Small%20Batches%20of%20Kosher%20Chocolate%2C%20Family%20Owned%20Since%201892%2C%20(7.15oz%2C%20Dark%20Chocolate),https://seller.walmart.com/catalog/add-items?search=101625458,N/A,no,no,no,1,0,1,170,Mixt Solutions,mfn,$14.99,170,$14.99,$14.99,14.99,6.58,3.55,23.70 %,54.00 %,11.05,8.11,1,$-0.04,N/A,$4.86,$3.45,0,$1.20,8.00%,$0.05,1,$0.16,$0.30 /lb,$0.16,$0.00,$0.00,$0.00,$0.00,0,$0.00,4.6,8,"For better accuracy, we’ve used dimensions from B00IAAAKSO to provide more precise estimates,3 or less sellers","8.03, 4.69, 2.99 in, 0.53 lbs",8.03,4.69,2.99,0.53,N/A,Computer
"05/16/2025, 04:28 AM PDT","05/16/2025, 07:28 AM EDT","05/16/2025, 06:28 AM CDT","05/16/2025, 04:28 AM PDT","Asher's Chocolates Company, Chocolate Covered Graham Crackers, Made From the Finest Kosher Chocolate, Small Batches, Family Owned Since 1892 (7.15 oz, Milk Chocolate)",36373200,89449703598,N/A,N/A,Asher's Chocolates Company,Grocery,Snack Crackers,Asher's Chocolate Co.,N/A,N/A,https://i5.walmartimages.com/seo/Asher-s-Chocolates-Company-Chocolate-Covered-Graham-Crackers-Made-Finest-Kosher-Chocolate-Small-Batches-Family-Owned-Since-1892-7-15-oz-Milk-Chocolat_6e5e5ad2-56b2-45f1-b706-453b0e008ec5.a6af1c3f43de8c60044ba9875940562f.jpeg,,N/A,https://www.walmart.com/ip/36373200,6.58,https://www.amazon.com/dp/B00IAAVW40,https://www.amazon.com/s?k=Asher's%20Chocolates%20Company%2C%20Chocolate%20Covered%20Graham%20Crackers%2C%20Made%20From%20the%20Finest%20Kosher%20Chocolate%2C%20Small%20Batches%2C%20Family%20Owned%20Since%201892%20(7.15%20oz%2C%20Milk%20Chocolate),https://www.ebay.com/sch/i.html?_nkw=Asher's%20Chocolates%20Company%2C%20Chocolate%20Covered%20Graham%20Crackers%2C%20Made%20From%20the%20Finest%20Kosher%20Chocolate%2C%20Small%20Batches%2C%20Family%20Owned%20Since%201892%20(7.15%20oz%2C%20Milk%20Chocolate),https://www.google.com/search?q=Asher's%20Chocolates%20Company%2C%20Chocolate%20Covered%20Graham%20Crackers%2C%20Made%20From%20the%20Finest%20Kosher%20Chocolate%2C%20Small%20Batches%2C%20Family%20Owned%20Since%201892%20(7.15%20oz%2C%20Milk%20Chocolate),https://seller.walmart.com/catalog/add-items?search=36373200,N/A,no,yes,no,1,0,1,100,Mixt Solutions,mfn,$14.99,100,$14.99,$14.99,14.99,6.58,3.56,23.76 %,54.12 %,11.05,8.11,1,$19.99,100+ units sold this month on Amazon,$4.85,$3.45,0,$1.20,8.00%,$0.05,1,$0.15,$0.30 /lb,$0.15,$0.00,$0.00,$0.00,$0.00,0,$0.00,4.7,3,"Pulling package information from B00IAAVW40 via amazon.com,3 or less sellers","7.76, 4.57, 3.03 in, 0.51 lbs",7.76,4.57,3.03,0.51,N/A,Computer
"05/16/2025, 04:29 AM PDT","05/16/2025, 07:29 AM EDT","05/16/2025, 06:29 AM CDT","05/16/2025, 04:29 AM PDT","Asher's Chocolate Company, Delicious Chocolate Covered Potato Chips, Made from the Finest Kosher Chocolate, Family Owned Since 1892 (8.5oz, Milk Chocolate)",174214519,89449702577,N/A,N/A,Asher's Chocolate,Grocery,Snack Chips,Asher's Confections,N/A,N/A,https://i5.walmartimages.com/seo/Asher-s-Chocolate-Company-Delicious-Covered-Potato-Chips-Made-Finest-Kosher-Chocolate-Family-Owned-Since-1892-8-5oz-Milk-Chocolate_e19add6d-f8d7-4c15-b8b7-4e89609e80ea.8e84137ccf6a175ceb668ca00f98d136.jpeg,,N/A,https://www.walmart.com/ip/174214519,8.85,https://www.amazon.com/dp/B09JGRNWR7,https://www.amazon.com/s?k=Asher's%20Chocolate%20Company%2C%20Delicious%20Chocolate%20Covered%20Potato%20Chips%2C%20Made%20from%20the%20Finest%20Kosher%20Chocolate%2C%20Family%20Owned%20Since%201892%20(8.5oz%2C%20Milk%20Chocolate),https://www.ebay.com/sch/i.html?_nkw=Asher's%20Chocolate%20Company%2C%20Delicious%20Chocolate%20Covered%20Potato%20Chips%2C%20Made%20from%20the%20Finest%20Kosher%20Chocolate%2C%20Family%20Owned%20Since%201892%20(8.5oz%2C%20Milk%20Chocolate),https://www.google.com/search?q=Asher's%20Chocolate%20Company%2C%20Delicious%20Chocolate%20Covered%20Potato%20Chips%2C%20Made%20from%20the%20Finest%20Kosher%20Chocolate%2C%20Family%20Owned%20Since%201892%20(8.5oz%2C%20Milk%20Chocolate),https://seller.walmart.com/catalog/add-items?search=174214519,N/A,no,no,no,0,0,0,0,N/A,N/A,0,,,Price,14.99,8.85,1.27,8.50 %,14.40 %,13.50,8.10,1,$19.99,N/A,$4.87,$3.45,0,$1.20,8.00%,$0.05,1,$0.17,$0.30 /lb,$0.17,$0.00,$0.00,$0.00,$0.00,0,$0.00,2.5,6,"Pulling package information from B09JGRNWR7 via amazon.com,3 or less sellers","8.50, 4.76, 2.76 in, 0.56 lbs",8.50,4.76,2.76,0.56,N/A,Computer
"05/16/2025, 04:30 AM PDT","05/16/2025, 07:30 AM EDT","05/16/2025, 06:30 AM CDT","05/16/2025, 04:30 AM PDT","Asher's Chocolates, Chocolate Covered Pretzels, Gourmet Sweet and Salty Candy, Small Batches of Kosher Chocolate, Family Owned Since 1892, (6.5oz, Dark Chocolate)",148738185,89449702546,Dark Chocolate,1,Asher's Chocolate,Grocery,Chocolate Candy,N/A,N/A,N/A,https://i5.walmartimages.com/seo/Asher-s-Chocolates-Chocolate-Covered-Pretzels-Gourmet-Sweet-Salty-Candy-Small-Batches-Kosher-Chocolate-Family-Owned-Since-1892-6-5oz-Dark-Chocolate_39ae9995-a26e-4ee8-8f64-0b191e1d571b.e2b481e561a0b1f7bd38caaa80225dd3.jpeg,,N/A,https://www.walmart.com/ip/148738185,6.58,https://www.amazon.com/dp/B00IA90WN8,https://www.amazon.com/s?k=Asher's%20Chocolates%2C%20Chocolate%20Covered%20Pretzels%2C%20Gourmet%20Sweet%20and%20Salty%20Candy%2C%20Small%20Batches%20of%20Kosher%20Chocolate%2C%20Family%20Owned%20Since%201892%2C%20(6.5oz%2C%20Dark%20Chocolate),https://www.ebay.com/sch/i.html?_nkw=Asher's%20Chocolates%2C%20Chocolate%20Covered%20Pretzels%2C%20Gourmet%20Sweet%20and%20Salty%20Candy%2C%20Small%20Batches%20of%20Kosher%20Chocolate%2C%20Family%20Owned%20Since%201892%2C%20(6.5oz%2C%20Dark%20Chocolate),https://www.google.com/search?q=Asher's%20Chocolates%2C%20Chocolate%20Covered%20Pretzels%2C%20Gourmet%20Sweet%20and%20Salty%20Candy%2C%20Small%20Batches%20of%20Kosher%20Chocolate%2C%20Family%20Owned%20Since%201892%2C%20(6.5oz%2C%20Dark%20Chocolate),https://seller.walmart.com/catalog/add-items?search=148738185,N/A,no,no,no,1,0,1,1000,BIXO Store,mfn,$18.91,1000,$18.91,$18.91,18.91,6.58,5.85,30.92 %,88.86 %,11.05,9.94,1,$19.99,200+ units sold this month on Amazon,$6.48,$3.45,0,$2.84,15.00%,$0.05,1,$0.15,$0.30 /lb,$0.15,$0.00,$0.00,$0.00,$0.00,0,$0.00,5,2,"Pulling package information from B00IA90WN8 via amazon.com,3 or less sellers","8.43, 4.41, 3.07 in, 0.49 lbs",8.43,4.41,3.07,0.49,N/A,Computer
"05/16/2025, 04:33 AM PDT","05/16/2025, 07:33 AM EDT","05/16/2025, 06:33 AM CDT","05/16/2025, 04:33 AM PDT","Asher's Chocolates, Chocolate Covered Pretzels, Gourmet Sweet and Salty Candy, Small Batches of Kosher Chocolate, Family Owned Since 1892, (6.5oz, Milk Chocolate)",111724056,89449702553,N/A,N/A,Asher's Chocolate,Grocery,Pretzels,N/A,N/A,N/A,https://i5.walmartimages.com/seo/Asher-s-Chocolates-Chocolate-Covered-Pretzels-Gourmet-Sweet-Salty-Candy-Small-Batches-Kosher-Chocolate-Family-Owned-Since-1892-6-5oz-Milk-Chocolate_7f06c8d8-f81d-4c81-8399-f268dcd41205.38997711111731e8c00d0dea0e3d835b.jpeg,,N/A,https://www.walmart.com/ip/111724056,6.58,https://www.amazon.com/dp/B00IA98B6I,https://www.amazon.com/s?k=Asher's%20Chocolates%2C%20Chocolate%20Covered%20Pretzels%2C%20Gourmet%20Sweet%20and%20Salty%20Candy%2C%20Small%20Batches%20of%20Kosher%20Chocolate%2C%20Family%20Owned%20Since%201892%2C%20(6.5oz%2C%20Milk%20Chocolate),https://www.ebay.com/sch/i.html?_nkw=Asher's%20Chocolates%2C%20Chocolate%20Covered%20Pretzels%2C%20Gourmet%20Sweet%20and%20Salty%20Candy%2C%20Small%20Batches%20of%20Kosher%20Chocolate%2C%20Family%20Owned%20Since%201892%2C%20(6.5oz%2C%20Milk%20Chocolate),https://www.google.com/search?q=Asher's%20Chocolates%2C%20Chocolate%20Covered%20Pretzels%2C%20Gourmet%20Sweet%20and%20Salty%20Candy%2C%20Small%20Batches%20of%20Kosher%20Chocolate%2C%20Family%20Owned%20Since%201892%2C%20(6.5oz%2C%20Milk%20Chocolate),https://seller.walmart.com/catalog/add-items?search=111724056,N/A,no,no,no,1,1,0,31,Mixt Solutions,wfs,$14.99,31,$14.99,$14.99,14.99,6.58,3.55,23.67 %,53.91 %,11.05,8.10,1,$18.49,200+ units sold this month on Amazon,$4.86,$3.45,0,$1.20,8.00%,$0.05,1,$0.17,$0.30 /lb,$0.17,$0.00,$0.00,$0.00,$0.00,0,$0.00,5,1,"Pulling package information from B00IA98B6I via amazon.com,3 or less sellers","7.91, 4.53, 3.11 in, 0.55 lbs",7.91,4.53,3.11,0.55,N/A,Computer
"05/16/2025, 04:34 AM PDT","05/16/2025, 07:34 AM EDT","05/16/2025, 06:34 AM CDT","05/16/2025, 04:34 AM PDT","Asher's Chocolates, Sugar Free Chocolate Candy, Milk and Dark Chocolate Assortment, Small Batches of Kosher Chocolate, Family Owned Since 1892, Assorted Keto Chocolates (8 oz.)",40608005,89449315401,N/A,N/A,Asher's Chocolate,Grocery,Chocolate Candy,N/A,N/A,N/A,https://i5.walmartimages.com/seo/Asher-s-Chocolates-Sugar-Free-Chocolate-Candy-Milk-Dark-Chocolate-Assortment-Small-Batches-Kosher-Chocolate-Family-Owned-Since-1892-Assorted-Keto-Cho_1b1d2963-df77-40e6-9280-008b6b4b7684.2d7bd72af4231555b27f114f2e472413.jpeg,,N/A,https://www.walmart.com/ip/40608005,11.79,https://www.amazon.com/dp/B004JKHH5S,https://www.amazon.com/s?k=Asher's%20Chocolates%2C%20Sugar%20Free%20Chocolate%20Candy%2C%20Milk%20and%20Dark%20Chocolate%20Assortment%2C%20Small%20Batches%20of%20Kosher%20Chocolate%2C%20Family%20Owned%20Since%201892%2C%20Assorted%20Keto%20Chocolates%20(8%20oz.),https://www.ebay.com/sch/i.html?_nkw=Asher's%20Chocolates%2C%20Sugar%20Free%20Chocolate%20Candy%2C%20Milk%20and%20Dark%20Chocolate%20Assortment%2C%20Small%20Batches%20of%20Kosher%20Chocolate%2C%20Family%20Owned%20Since%201892%2C%20Assorted%20Keto%20Chocolates%20(8%20oz.),https://www.google.com/search?q=Asher's%20Chocolates%2C%20Sugar%20Free%20Chocolate%20Candy%2C%20Milk%20and%20Dark%20Chocolate%20Assortment%2C%20Small%20Batches%20of%20Kosher%20Chocolate%2C%20Family%20Owned%20Since%201892%2C%20Assorted%20Keto%20Chocolates%20(8%20oz.),https://seller.walmart.com/catalog/add-items?search=40608005,N/A,no,no,no,2,2,0,65,SARONITE,wfs,$16.95,11,$16.95,$16.97,16.95,11.79,-1.07,-6.33 %,-9.10 %,18.10,8.57,1,OOS,N/A,$6.23,$3.45,0,$2.54,15.00%,$0.04,1,$0.20,$0.30 /lb,$0.20,$0.00,$0.00,$0.00,$0.00,0,$0.00,3.6,44,"Pulling package information from B004JKHH5S via amazon.com,3 or less sellers","9.92, 6.34, 1.34 in, 0.68 lbs",9.92,6.34,1.34,0.68,N/A,Computer
"05/16/2025, 04:35 AM PDT","05/16/2025, 07:35 AM EDT","05/16/2025, 06:35 AM CDT","05/16/2025, 04:35 AM PDT",NASSAU CANDY ORIENTAL MIX 10 LBS,914393541,618645009144,N/A,N/A,Nassau Candy,Grocery,Trail Mixes,N/A,N/A,N/A,https://i5.walmartimages.com/seo/NASSAU-CANDY-ORIENTAL-MIX-10-LBS_b9ee8c39-9c94-4587-bb60-627d5d19dee8.ae8b67741fc7c35eceb692aadc71604e.jpeg,,N/A,https://www.walmart.com/ip/914393541,35.2,N/A,https://www.amazon.com/s?k=NASSAU%20CANDY%20ORIENTAL%20MIX%2010%20LBS,https://www.ebay.com/sch/i.html?_nkw=NASSAU%20CANDY%20ORIENTAL%20MIX%2010%20LBS,https://www.google.com/search?q=NASSAU%20CANDY%20ORIENTAL%20MIX%2010%20LBS,https://seller.walmart.com/catalog/add-items?search=914393541,N/A,no,no,no,1,0,1,2,Hawaiian Lake,mfn,$56.99,2,$56.99,$56.99,56.99,35.2,13.24,23.23 %,37.62 %,41.30,38.75,1,NA,N/A,$8.55,$0.00,0,$8.55,15.00%,$0.00,1,$0.00,$0.30 /lb,$0.00,$0.00,$0.00,$0.00,$0.00,0,$0.00,,0,"For better accuracy, we’ve used dimensions from  to provide more precise estimates,3 or less sellers","0.00, 0.00, 0.00 in, 0.00 lbs",0.00,0.00,0.00,0.00,N/A,Computer
"05/16/2025, 04:39 AM PDT","05/16/2025, 07:39 AM EDT","05/16/2025, 06:39 AM CDT","05/16/2025, 04:39 AM PDT",Organics Volumizing Rosemary Conditioner,15127173,654749351604,N/A,N/A,Avalon Organics,Beauty,Conditioners,N/A,N/A,35160,https://i5.walmartimages.com/seo/Organics-Volumizing-Rosemary-Conditioner_1bda51e3-ceda-48a8-ade8-335d054ec0d5_1.36d8fc3d07713832d1e484d7e6fc2c1b.jpeg,,N/A,https://www.walmart.com/ip/15127173,8.49,https://www.amazon.com/dp/B008230NWC,https://www.amazon.com/s?k=Organics%20Volumizing%20Rosemary%20Conditioner,https://www.ebay.com/sch/i.html?_nkw=Organics%20Volumizing%20Rosemary%20Conditioner,https://www.google.com/search?q=Organics%20Volumizing%20Rosemary%20Conditioner,https://seller.walmart.com/catalog/add-items?search=15127173,"Reviewers highlighted: smell, scalp",no,no,no,16,3,13,2054,ApprovedOnlineDistributor.com,wfs,$13.23,17,$12.73,$21.21,13.23,8.49,-0.89,-6.76 %,-10.53 %,14.20,6.08,1,$9.14,300+ units sold this month on Amazon,$5.63,$3.45,0,$1.98,15.00%,$0.01,1,$0.19,$0.30 /lb,$0.19,$0.00,$0.00,$0.00,$0.00,0,$0.00,4.3,54,Pulling package information from B008230NWC via amazon.com,"7.13, 2.95, 1.50 in, 0.62 lbs",7.13,2.95,1.50,0.62,N/A,Computer
"05/16/2025, 04:39 AM PDT","05/16/2025, 07:39 AM EDT","05/16/2025, 06:39 AM CDT","05/16/2025, 04:39 AM PDT",Aura Cacia Aromatherapy Bath Body and Massage Oil Eucalyptus Harvest - 4 fl oz,26971279,51381882457,Eucalyptus,1,Aura Cacia,Health & Personal Care,Aromatherapy & Essential Oils,Aura Cacia,N/A,AUR88245,https://i5.walmartimages.com/seo/Aura-Cacia-Aromatherapy-Bath-Body-and-Massage-Oil-Eucalyptus-Harvest-4-fl-oz_dcfbe007-4844-4c05-8f05-7b88f119c9b3.cb4c025df068657d0a01bc5b1f21b8e0.jpeg,,N/A,https://www.walmart.com/ip/26971279,5.64,https://www.amazon.com/dp/B0039BULEW,https://www.amazon.com/s?k=Aura%20Cacia%20Aromatherapy%20Bath%20Body%20and%20Massage%20Oil%20Eucalyptus%20Harvest%20-%204%20fl%20oz,https://www.ebay.com/sch/i.html?_nkw=Aura%20Cacia%20Aromatherapy%20Bath%20Body%20and%20Massage%20Oil%20Eucalyptus%20Harvest%20-%204%20fl%20oz,https://www.google.com/search?q=Aura%20Cacia%20Aromatherapy%20Bath%20Body%20and%20Massage%20Oil%20Eucalyptus%20Harvest%20-%204%20fl%20oz,https://seller.walmart.com/catalog/add-items?search=26971279,N/A,no,no,no,4,0,4,54,VitaminLife,mfn,$11.54,1,$11.54,$14.79,11.54,5.64,0.6,5.22 %,10.68 %,10.75,4.99,1,$5.81,N/A,$5.30,$3.45,0,$1.73,15.00%,$0.03,1,$0.09,$0.30 /lb,$0.09,$0.00,$0.00,$0.00,$0.00,0,$0.00,,0,N/A,"7.00, 3.38, 2.62 in, 0.30 lbs",7.00,3.38,2.62,0.30,N/A,Computer
"05/16/2025, 04:41 AM PDT","05/16/2025, 07:41 AM EDT","05/16/2025, 06:41 AM CDT","05/16/2025, 04:41 AM PDT","Aura Cacia Peppermint Essential Oil, Boxed 0.5fl oz Box",668597913,51381991982,Peppermint,8,Aura Cacia,Health & Personal Care,Aromatherapy & Essential Oils,Frontier Co-op,N/A,199198,https://i5.walmartimages.com/seo/Aura-Cacia-Peppermint-Essential-Oil-Boxed-0-5fl-oz-Box_da5893e7-73f7-4119-a916-83f0b77234c2.3a7f479ab43f3a6e04e7f5a97baaa463.jpeg,,N/A,https://www.walmart.com/ip/668597913,6,https://www.amazon.com/dp/B078TT73Z3,https://www.amazon.com/s?k=Aura%20Cacia%20Peppermint%20Essential%20Oil%2C%20Boxed%200.5fl%20oz%20Box,https://www.ebay.com/sch/i.html?_nkw=Aura%20Cacia%20Peppermint%20Essential%20Oil%2C%20Boxed%200.5fl%20oz%20Box,https://www.google.com/search?q=Aura%20Cacia%20Peppermint%20Essential%20Oil%2C%20Boxed%200.5fl%20oz%20Box,https://seller.walmart.com/catalog/add-items?search=668597913,N/A,yes,no,no,1,0,1,30,DropAir,mfn,$18.56,30,$18.56,$18.56,18.56,6,6.28,33.81 %,104.59 %,11.10,9.82,1,$9.39,N/A,$6.28,$3.45,0,$2.78,15.00%,$0.01,1,$0.04,$0.30 /lb,$0.04,$0.00,$0.00,$0.00,$0.00,0,$0.00,4.9,10,"The listing has 8 variations,3 or less sellers","3.50, 1.60, 3.65 in, 0.14 lbs",3.50,1.60,3.65,0.14,N/A,Computer
"05/16/2025, 04:42 AM PDT","05/16/2025, 07:42 AM EDT","05/16/2025, 06:42 AM CDT","05/16/2025, 04:42 AM PDT","Aura Cacia Comforting Geranium Bubble Bath, 13 fl oz",24820566,51381882631,Geranium,2,Aura Cacia,Health & Personal Care,Bubble Bath,Aura Cacia,N/A,AUR88263,https://i5.walmartimages.com/seo/Aura-Cacia-Comforting-Geranium-Bubble-Bath-13-fl-oz_c48b30f7-88e6-43e4-8ed1-27ef90794b79.83de96e109e296729ee6d73cf7a3997d.jpeg,,N/A,https://www.walmart.com/ip/24820566,7.38,https://www.amazon.com/dp/B00CJFBSJG,https://www.amazon.com/s?k=Aura%20Cacia%20Comforting%20Geranium%20Bubble%20Bath%2C%2013%20fl%20oz,https://www.ebay.com/sch/i.html?_nkw=Aura%20Cacia%20Comforting%20Geranium%20Bubble%20Bath%2C%2013%20fl%20oz,https://www.google.com/search?q=Aura%20Cacia%20Comforting%20Geranium%20Bubble%20Bath%2C%2013%20fl%20oz,https://seller.walmart.com/catalog/add-items?search=24820566,N/A,no,no,no,4,0,4,45,Blue Gray,mfn,$11.99,6,$11.99,$14.81,11.99,7.38,-0.67,-5.60 %,-9.10 %,12.70,5.37,1,$13.54,N/A,$5.28,$3.45,0,$1.80,15.00%,$0.02,1,$0.02,$0.30 /lb,$0.02,$0.00,$0.00,$0.00,$0.00,0,$0.00,,0,The listing has 2 variations,"2.44, 2.12, 6.75 in, 0.06 lbs",2.44,2.12,6.75,0.06,N/A,Computer
"05/16/2025, 04:43 AM PDT","05/16/2025, 07:43 AM EDT","05/16/2025, 06:43 AM CDT","05/16/2025, 04:43 AM PDT","Aura Cacia Relaxing Lavender Bubble Bath, 13 fl oz",24820567,51381882600,Lavender,2,Aura Cacia,Health & Personal Care,Bubble Bath,Aura Cacia,N/A,AUR88260,https://i5.walmartimages.com/seo/Aura-Cacia-Relaxing-Lavender-Bubble-Bath-13-fl-oz_43eb811e-b23a-455f-b3b8-1fce14277735.dfb6ea202a9dd5a3bfd43402ce190e7a.jpeg,,N/A,https://www.walmart.com/ip/24820567,7.38,https://www.amazon.com/dp/B000RE7LD8,https://www.amazon.com/s?k=Aura%20Cacia%20Relaxing%20Lavender%20Bubble%20Bath%2C%2013%20fl%20oz,https://www.ebay.com/sch/i.html?_nkw=Aura%20Cacia%20Relaxing%20Lavender%20Bubble%20Bath%2C%2013%20fl%20oz,https://www.google.com/search?q=Aura%20Cacia%20Relaxing%20Lavender%20Bubble%20Bath%2C%2013%20fl%20oz,https://seller.walmart.com/catalog/add-items?search=24820567,N/A,no,yes,no,6,1,5,10263,Co-op Market,wfs,$12.40,105,$12.40,$18.85,12.4,7.38,-0.32,-2.61 %,-4.38 %,12.70,5.65,1,$9.77,N/A,$5.34,$3.45,0,$1.86,15.00%,$0.02,1,$0.02,$0.30 /lb,$0.02,$0.00,$0.00,$0.00,$0.00,0,$0.00,,0,The listing has 2 variations,"2.44, 2.12, 6.75 in, 0.06 lbs",2.44,2.12,6.75,0.06,N/A,Computer
"05/16/2025, 04:43 AM PDT","05/16/2025, 07:43 AM EDT","05/16/2025, 06:43 AM CDT","05/16/2025, 04:43 AM PDT","Aura Cacia Tranquil Chamomile Bubble Bath, 13 fl oz",24820602,51381882617,1,3,Aura Cacia,Health & Personal Care,Bubble Bath,FRONTIERCOOP,N/A,AUR88261,https://i5.walmartimages.com/seo/Aura-Cacia-Tranquil-Chamomile-Bubble-Bath-13-fl-oz_67818199-0d55-47e3-b51c-9b665af0f078.97e1f71712e944cce243546a043366c2.jpeg,,N/A,https://www.walmart.com/ip/24820602,7.38,https://www.amazon.com/dp/B0061WIBWA,https://www.amazon.com/s?k=Aura%20Cacia%20Tranquil%20Chamomile%20Bubble%20Bath%2C%2013%20fl%20oz,https://www.ebay.com/sch/i.html?_nkw=Aura%20Cacia%20Tranquil%20Chamomile%20Bubble%20Bath%2C%2013%20fl%20oz,https://www.google.com/search?q=Aura%20Cacia%20Tranquil%20Chamomile%20Bubble%20Bath%2C%2013%20fl%20oz,https://seller.walmart.com/catalog/add-items?search=24820602,"Reviewers highlighted: relaxation, smell",no,yes,no,7,1,6,10174,Co-op Market,wfs,$12.40,88,$12.40,$19.56,12.4,7.38,-0.32,-2.61 %,-4.38 %,12.70,5.65,1,$9.77,N/A,$5.34,$3.45,0,$1.86,15.00%,$0.02,1,$0.02,$0.30 /lb,$0.02,$0.00,$0.00,$0.00,$0.00,0,$0.00,5,8,The listing has 3 variations,"2.44, 2.12, 6.75 in, 0.06 lbs",2.44,2.12,6.75,0.06,N/A,Computer
"05/16/2025, 04:46 AM PDT","05/16/2025, 07:46 AM EDT","05/16/2025, 06:46 AM CDT","05/16/2025, 04:46 AM PDT",Aura Cacia Essential Oil Grapefruit 0.5 fl oz Liq,26958789,51381911591,N/A,N/A,Aura Cacia,Health & Personal Care,Aromatherapy & Essential Oils,Aura Cacia,N/A,AUR91159,https://i5.walmartimages.com/seo/Aura-Cacia-Pure-Essential-Oil-Grapefruit-0-5-Fl-Oz_8bec5f40-1257-43dd-b458-0a6d619136b1.7ee92076f27b0aa386753be45237ceff.jpeg,,N/A,https://www.walmart.com/ip/26958789,7.07,https://www.amazon.com/dp/B001E0WEUE,https://www.amazon.com/s?k=Aura%20Cacia%20Essential%20Oil%20Grapefruit%200.5%20fl%20oz%20Liq,https://www.ebay.com/sch/i.html?_nkw=Aura%20Cacia%20Essential%20Oil%20Grapefruit%200.5%20fl%20oz%20Liq,https://www.google.com/search?q=Aura%20Cacia%20Essential%20Oil%20Grapefruit%200.5%20fl%20oz%20Liq,https://seller.walmart.com/catalog/add-items?search=26958789,N/A,no,no,no,0,0,0,0,N/A,N/A,0,,,Price,15.35,7.07,2.44,15.89 %,34.50 %,12.40,7.61,1,$12.43,N/A,$5.84,$3.45,0,$2.30,15.00%,$0.05,1,$0.04,$0.30 /lb,$0.04,$0.00,$0.00,$0.00,$0.00,0,$0.00,5,8,3 or less sellers,"6.00, 5.00, 4.00 in, 0.12 lbs",6.00,5.00,4.00,0.12,N/A,Computer
"05/16/2025, 04:51 AM PDT","05/16/2025, 07:51 AM EDT","05/16/2025, 06:51 AM CDT","05/16/2025, 04:51 AM PDT","Aura Cacia Purifying Eucalyptus Aromatherapy Shower Tablets, 3 1 oz Tablets",24820544,51381882662,Eucalyptus,1,Aura Cacia,Health & Personal Care,Aromatherapy & Essential Oils,Frontier Co-op,N/A,AUR88266,https://i5.walmartimages.com/seo/Aura-Cacia-Aromatherapy-Shower-Tablets-Purifying-Eucalpytus-3-ea_8aa37ef5-0fdb-43f8-9c18-1cabd6b6bcdb.e6a4c3b2c647e20f7120f8554ad562cf.png,,N/A,https://www.walmart.com/ip/24820544,4.81,https://www.amazon.com/dp/B003OKF2R4,https://www.amazon.com/s?k=Aura%20Cacia%20Purifying%20Eucalyptus%20Aromatherapy%20Shower%20Tablets%2C%203%201%20oz%20Tablets,https://www.ebay.com/sch/i.html?_nkw=Aura%20Cacia%20Purifying%20Eucalyptus%20Aromatherapy%20Shower%20Tablets%2C%203%201%20oz%20Tablets,https://www.google.com/search?q=Aura%20Cacia%20Purifying%20Eucalyptus%20Aromatherapy%20Shower%20Tablets%2C%203%201%20oz%20Tablets,https://seller.walmart.com/catalog/add-items?search=24820544,"Reviewers highlighted: ease of use, smell",no,no,no,4,0,4,374,VitaminLife,mfn,$10.97,3,$10.97,$12.37,10.97,4.81,0.99,9.00 %,20.53 %,0.00,4.64,1,$12.77,N/A,$5.17,$3.45,0,$1.65,15.00%,$0.01,1,$0.07,$0.30 /lb,$0.07,$0.00,$0.00,$0.00,$0.00,0,$0.00,4,57,N/A,"2.44, 1.88, 2.63 in, 0.24 lbs",2.44,1.88,2.63,0.24,N/A,Computer
"05/16/2025, 04:55 AM PDT","05/16/2025, 07:55 AM EDT","05/16/2025, 06:55 AM CDT","05/16/2025, 04:55 AM PDT",Aura Cacia - Jojoba Natural Skin Care Oil - 4 fl oz,26958683,51381911720,N/A,N/A,Aura Cacia,Health & Personal Care,Body Oils,N/A,N/A,AUR91172,https://i5.walmartimages.com/seo/Aura-Cacia-Skin-Care-Oil-Jojoba-4-fl-oz-118-ml_4160c48d-8781-4735-b031-66840272ead2.d149e6aa48910a8fd681ba96b2fd9f98.jpeg,,N/A,https://www.walmart.com/ip/26958683,9.6,https://www.amazon.com/dp/B001E0SLUG,https://www.amazon.com/s?k=Aura%20Cacia%20-%20Jojoba%20Natural%20Skin%20Care%20Oil%20-%204%20fl%20oz,https://www.ebay.com/sch/i.html?_nkw=Aura%20Cacia%20-%20Jojoba%20Natural%20Skin%20Care%20Oil%20-%204%20fl%20oz,https://www.google.com/search?q=Aura%20Cacia%20-%20Jojoba%20Natural%20Skin%20Care%20Oil%20-%204%20fl%20oz,https://seller.walmart.com/catalog/add-items?search=26958683,N/A,no,no,no,6,0,6,10085,Online Grocery Outlet,mfn,$11.90,9991,$11.90,$24.65,11.9,9.6,0.52,4.33 %,5.36 %,11.20,8.09,1,OOS,N/A,$1.78,$0.00,0,$1.78,15.00%,$0.00,1,$0.00,$0.30 /lb,$0.00,$0.00,$0.00,$0.00,$0.00,0,$0.00,5,4,"For better accuracy, we’ve used dimensions from  to provide more precise estimates","0.00, 0.00, 0.00 in, 0.00 lbs",0.00,0.00,0.00,0.00,N/A,Computer
"05/16/2025, 04:56 AM PDT","05/16/2025, 07:56 AM EDT","05/16/2025, 06:56 AM CDT","05/16/2025, 04:56 AM PDT",Aura Cacia Sweet Almond Skin Care Oil 16 oz,26958701,51381911454,1,2,Aura Cacia,Health & Personal Care,Body Oils,N/A,N/A,051381911454,https://i5.walmartimages.com/seo/Aura-Cacia-Skin-Care-Oil-Nurturing-Sweet-Almond-16-fl-oz-473-ml_57ad9872-87ec-4c4a-9d23-ad948319fe26_1.55c5c2fe53b5f7d6738b4c68bfc7cac8.jpeg,,N/A,https://www.walmart.com/ip/26958701,11.8,https://www.amazon.com/dp/B002LMVVX0,https://www.amazon.com/s?k=Aura%20Cacia%20Sweet%20Almond%20Skin%20Care%20Oil%2016%20oz,https://www.ebay.com/sch/i.html?_nkw=Aura%20Cacia%20Sweet%20Almond%20Skin%20Care%20Oil%2016%20oz,https://www.google.com/search?q=Aura%20Cacia%20Sweet%20Almond%20Skin%20Care%20Oil%2016%20oz,https://seller.walmart.com/catalog/add-items?search=26958701,N/A,no,no,no,1,0,1,2,Amber Worldwide,mfn,$24.74,2,$24.74,$24.74,24.74,11.8,9.23,37.30 %,78.21 %,13.80,16.82,1,$35.54,N/A,$3.71,$0.00,0,$3.71,15.00%,$0.00,1,$0.00,$0.30 /lb,$0.00,$0.00,$0.00,$0.00,$0.00,0,$0.00,5,4,"The listing has 2 variations,For better accuracy, we’ve used dimensions from  to provide more precise estimates,3 or less sellers","0.00, 0.00, 0.00 in, 0.00 lbs",0.00,0.00,0.00,0.00,N/A,Computer
"05/16/2025, 11:30 PM PDT","05/17/2025, 02:30 AM EDT","05/17/2025, 01:30 AM CDT","05/16/2025, 11:30 PM PDT",Aura Cacia Skin Care Oil Sweet Almond 4 fl oz Liquid,26958749,51381911447,1,1,Aura Cacia,Health & Personal Care,Aromatherapy & Essential Oils,Frontier Natural,N/A,051381911447,https://i5.walmartimages.com/seo/Aura-Cacia-Skin-Care-Oil-Sweet-Almond-4-fl-oz-Liquid_38b5fe3d-e47d-418b-b1bc-83dc7cbb23a0.dcce50fe2947262b03e1d15e384deb9d.jpeg,,N/A,https://www.walmart.com/ip/26958749,3.93,https://www.amazon.com/dp/B006RGVGKY,https://www.amazon.com/s?k=Aura%20Cacia%20Skin%20Care%20Oil%20Sweet%20Almond%204%20fl%20oz%20Liquid,https://www.ebay.com/sch/i.html?_nkw=Aura%20Cacia%20Skin%20Care%20Oil%20Sweet%20Almond%204%20fl%20oz%20Liquid,https://www.google.com/search?q=Aura%20Cacia%20Skin%20Care%20Oil%20Sweet%20Almond%204%20fl%20oz%20Liquid,https://seller.walmart.com/catalog/add-items?search=26958749,N/A,no,no,no,8,0,8,10296,VitaminLife,mfn,$8.35,1,$8.30,$20.63,8.35,3.93,-0.8,-9.62 %,-20.43 %,9.15,2.50,1,$9.42,N/A,$5.22,$3.45,0,$0.67,8.00%,$0.02,1,$1.09,$0.30 /lb,$0.09,$0.00,$0.00,$0.00,$0.00,0,$0.00,4.3,18,Pulling package information from B006RGVGKY via amazon.com,"6.54, 2.99, 2.13 in, 0.29 lbs",6.54,2.99,2.13,0.29,N/A,Computer
"05/16/2025, 11:33 PM PDT","05/17/2025, 02:33 AM EDT","05/17/2025, 01:33 AM CDT","05/16/2025, 11:33 PM PDT","Avalon Organics Strengthening Peppermint Conditioner, 11 oz",26959014,654749351581,N/A,N/A,Avalon Organics,Beauty,Conditioners,N/A,N/A,AV35158,https://i5.walmartimages.com/seo/Avalon-Organics-Strengthening-Peppermint-Conditioner-11-oz_46031568-2eec-47f3-a7d3-d6447692066e.e8963fe905ee49ad24c4ca3c114db7b8.jpeg,,N/A,https://www.walmart.com/ip/26959014,8.49,https://www.amazon.com/dp/B075M1ZQXQ,https://www.amazon.com/s?k=Avalon%20Organics%20Strengthening%20Peppermint%20Conditioner%2C%2011%20oz,https://www.ebay.com/sch/i.html?_nkw=Avalon%20Organics%20Strengthening%20Peppermint%20Conditioner%2C%2011%20oz,https://www.google.com/search?q=Avalon%20Organics%20Strengthening%20Peppermint%20Conditioner%2C%2011%20oz,https://seller.walmart.com/catalog/add-items?search=26959014,"Reviewers highlighted: scalp, tingle, smell",no,no,no,6,1,5,82,Nature's Health,wfs,$13.55,39,$11.19,$15.50,13.55,8.49,-0.66,-4.87 %,-7.77 %,14.25,6.26,1,$76.49,N/A,$5.72,$3.45,0,$2.03,15.00%,$0.02,1,$0.22,$0.30 /lb,$0.22,$0.00,$0.00,$0.00,$0.00,0,$0.00,4.3,48,"For better accuracy, we’ve used dimensions from B0799GB97C to provide more precise estimates","7.24, 3.43, 1.65 in, 0.73 lbs",7.24,3.43,1.65,0.73,N/A,Computer
"05/16/2025, 11:38 PM PDT","05/17/2025, 02:38 AM EDT","05/17/2025, 01:38 AM CDT","05/16/2025, 11:38 PM PDT","Avalon Organics Strengthening Peppermint Shampoo, 11 fl oz",26959015,654749351086,11 oz,1,Avalon Organics,Beauty,Shampoos,N/A,N/A,AV35108,https://i5.walmartimages.com/seo/Avalon-Organics-Strengthening-Peppermint-Shampoo-11-fl-oz_cd62a1bf-bfa5-464e-94ac-ce5a506dd2a0_1.cfe2e389fe5dd683f5b8790cb3aa29a4.jpeg,,N/A,https://www.walmart.com/ip/26959015,8.49,https://www.amazon.com/dp/B016OQ41YO,https://www.amazon.com/s?k=Avalon%20Organics%20Strengthening%20Peppermint%20Shampoo%2C%2011%20fl%20oz,https://www.ebay.com/sch/i.html?_nkw=Avalon%20Organics%20Strengthening%20Peppermint%20Shampoo%2C%2011%20fl%20oz,https://www.google.com/search?q=Avalon%20Organics%20Strengthening%20Peppermint%20Shampoo%2C%2011%20fl%20oz,https://seller.walmart.com/catalog/add-items?search=26959015,N/A,yes,yes,no,6,1,5,145,SMS Deals LLC,wfs,$16.75,5,$15.48,$17.48,15.48,8.49,-0.56,-3.64 %,-6.64 %,16.05,6.34,1,$15.55,N/A,$7.55,$4.95,0,$2.32,15.00%,$0.03,1,$0.25,$0.30 /lb,$0.25,$0.00,$0.00,$0.00,$0.00,0,$0.00,4.6,79,Pulling package information from B016OQ41YO via amazon.com,"7.83, 4.80, 1.81 in, 0.84 lbs",7.83,4.80,1.81,0.84,N/A,Computer
"05/16/2025, 11:41 PM PDT","05/17/2025, 02:41 AM EDT","05/17/2025, 01:41 AM CDT","05/16/2025, 11:41 PM PDT","Avalon Organics Therapy Tea Tree Mint Scalp Normalizing Shampoo, 14 fl oz",26959018,654749361054,N/A,N/A,Avalon Organics,Beauty,Shampoos,N/A,N/A,AV36105,https://i5.walmartimages.com/seo/Avalon-Organics-Therapy-Tea-Tree-Mint-Scalp-Normalizing-Shampoo-14-fl-oz_8a91f696-3c59-4ffc-99f9-4d5428470f1e.a1e9579e5bf81bc1a9e84100a74b45a5.jpeg,,N/A,https://www.walmart.com/ip/26959018,9.27,https://www.amazon.com/dp/B001E0QIO2,https://www.amazon.com/s?k=Avalon%20Organics%20Therapy%20Tea%20Tree%20Mint%20Scalp%20Normalizing%20Shampoo%2C%2014%20fl%20oz,https://www.ebay.com/sch/i.html?_nkw=Avalon%20Organics%20Therapy%20Tea%20Tree%20Mint%20Scalp%20Normalizing%20Shampoo%2C%2014%20fl%20oz,https://www.google.com/search?q=Avalon%20Organics%20Therapy%20Tea%20Tree%20Mint%20Scalp%20Normalizing%20Shampoo%2C%2014%20fl%20oz,https://seller.walmart.com/catalog/add-items?search=26959018,"Reviewers highlighted: itchiness, sensation, scalp",no,no,no,6,1,5,295,OTCRx4U,wfs,$16.45,12,$16.45,$19.82,16.45,9.27,-0.57,-3.45 %,-6.12 %,17.00,6.96,1,$20.29,N/A,$7.75,$4.95,0,$2.47,15.00%,$0.02,1,$0.31,$0.30 /lb,$0.31,$0.00,$0.00,$0.00,$0.00,0,$0.00,4.4,78,Pulling package information from B001E0QIO2 via amazon.com,"6.30, 2.56, 2.56 in, 1.04 lbs",6.30,2.56,2.56,1.04,N/A,Computer
"05/16/2025, 11:43 PM PDT","05/17/2025, 02:43 AM EDT","05/17/2025, 01:43 AM CDT","05/16/2025, 11:43 PM PDT",The Legend of Korra Water Element Candy 1.0 oz. Tin,2702263684,611508176267,1.0 oz,2,All City Candy,Grocery,Hard Candy,N/A,N/A,N/A,https://i5.walmartimages.com/seo/The-Legend-of-Korra-Water-Element-Candy-1-0-oz-Tin_d2754555-15b4-45ef-b51a-85e67c670ff4.343a6d1e2335c2acda67983f52cd7922.jpeg,,N/A,https://www.walmart.com/ip/2702263684,2.05,N/A,https://www.amazon.com/s?k=The%20Legend%20of%20Korra%20Water%20Element%20Candy%201.0%20oz.%20Tin,https://www.ebay.com/sch/i.html?_nkw=The%20Legend%20of%20Korra%20Water%20Element%20Candy%201.0%20oz.%20Tin,https://www.google.com/search?q=The%20Legend%20of%20Korra%20Water%20Element%20Candy%201.0%20oz.%20Tin,https://seller.walmart.com/catalog/add-items?search=2702263684,N/A,yes,no,no,1,0,1,30,Bigiis,mfn,$5.99,30,$5.99,$5.99,5.99,2.05,2.46,41.08 %,120.04 %,3.25,3.61,1,NA,N/A,$1.48,$0.00,0,$0.48,8.00%,$0.00,1,$1.00,$0.30 /lb,$0.00,$0.00,$0.00,$0.00,$0.00,0,$0.00,,0,"The listing has 2 variations,For better accuracy, we’ve used dimensions from  to provide more precise estimates,3 or less sellers","0.00, 0.00, 0.00 in, 0.00 lbs",0.00,0.00,0.00,0.00,N/A,Computer
"05/16/2025, 11:53 PM PDT","05/17/2025, 02:53 AM EDT","05/17/2025, 01:53 AM CDT","05/16/2025, 11:53 PM PDT",Awake CAFFEINATED Mint Dark Chocolate Chocolate Bites -6 individually wrapped,942563600,891325001748,N/A,N/A,Awake Couture,Grocery,Chocolate Candy,N/A,N/A,N/A,https://i5.walmartimages.com/seo/Awake-Caffeinated-Mint-Dark-Chocolate-Chocolate-Bites-6-ea_159eba0b-f3cd-4572-8ce8-b639b5fbeec6.81705cbaa8bea51bba067fc83537357b.jpeg,,N/A,https://www.walmart.com/ip/942563600,3.77,N/A,https://www.amazon.com/s?k=Awake%20CAFFEINATED%20Mint%20Dark%20Chocolate%20Chocolate%20Bites%20-6%20individually%20wrapped,https://www.ebay.com/sch/i.html?_nkw=Awake%20CAFFEINATED%20Mint%20Dark%20Chocolate%20Chocolate%20Bites%20-6%20individually%20wrapped,https://www.google.com/search?q=Awake%20CAFFEINATED%20Mint%20Dark%20Chocolate%20Chocolate%20Bites%20-6%20individually%20wrapped,https://seller.walmart.com/catalog/add-items?search=942563600,N/A,no,no,no,0,0,0,0,N/A,N/A,0,,,Price,16.99,3.77,5.37,31.60 %,142.42 %,0.00,7.31,1,NA,N/A,$7.85,$4.95,0,$2.55,15.00%,$0.05,1,$0.30,$0.30 /lb,$0.30,$0.00,$0.00,$0.00,$0.00,0,$0.00,,0,"For better accuracy, we’ve used dimensions from B08XZC75W7 to provide more precise estimates,3 or less sellers","5.98, 5.00, 4.02 in, 1.00 lbs",5.98,5.00,4.02,1.00,N/A,Computer
"05/16/2025, 11:54 PM PDT","05/17/2025, 02:54 AM EDT","05/17/2025, 01:54 AM CDT","05/16/2025, 11:54 PM PDT",Awake HG2764223 2.9 oz Awake Dark Chocolate Bag - Case of 10,890759072,891325001724,N/A,N/A,Awake Couture,Grocery,Candy Bars & Miniatures,N/A,N/A,N/A,https://i5.walmartimages.com/seo/Awake-HG2764223-2-9-oz-Awake-Dark-Chocolate-Bag-Case-of-10_c6499fcf-8c3a-460b-a2f0-34401c2bf74f.8a5f74ff09183c5ff81ee997317efed0.jpeg,,N/A,https://www.walmart.com/ip/890759072,3.77,N/A,https://www.amazon.com/s?k=Awake%20HG2764223%202.9%20oz%20Awake%20Dark%20Chocolate%20Bag%20-%20Case%20of%2010,https://www.ebay.com/sch/i.html?_nkw=Awake%20HG2764223%202.9%20oz%20Awake%20Dark%20Chocolate%20Bag%20-%20Case%20of%2010,https://www.google.com/search?q=Awake%20HG2764223%202.9%20oz%20Awake%20Dark%20Chocolate%20Bag%20-%20Case%20of%2010,https://seller.walmart.com/catalog/add-items?search=890759072,N/A,no,no,no,0,0,0,0,N/A,N/A,0,,,Price,16.99,3.77,7.09,41.72 %,188.03 %,9.00,8.69,1,NA,N/A,$6.13,$3.45,0,$2.55,15.00%,$0.04,1,$0.09,$0.30 /lb,$0.09,$0.00,$0.00,$0.00,$0.00,0,$0.00,,0,3 or less sellers,"2.00, 6.20, 7.40 in, 0.31 lbs",2.00,6.20,7.40,0.31,N/A,Computer
"05/16/2025, 11:56 PM PDT","05/17/2025, 02:56 AM EDT","05/17/2025, 01:56 AM CDT","05/16/2025, 11:56 PM PDT",Awake CAFFEINATED Chocolate -Peanut Butter (6 Squares),10808360544,891325001731,N/A,N/A,Awake Couture,Grocery,Chocolate Candy,N/A,N/A,N/A,https://i5.walmartimages.com/seo/Awake-CAFFEINATED-Chocolate-Peanut-Butter-6-Squares_a5149add-f8f5-4f1c-bd0a-e7032f59a464.f534fccde65f61e7c97ccdd1ff354f7c.png,,N/A,https://www.walmart.com/ip/10808360544,3.77,N/A,https://www.amazon.com/s?k=Awake%20CAFFEINATED%20Chocolate%20-Peanut%20Butter%20(6%20Squares),https://www.ebay.com/sch/i.html?_nkw=Awake%20CAFFEINATED%20Chocolate%20-Peanut%20Butter%20(6%20Squares),https://www.google.com/search?q=Awake%20CAFFEINATED%20Chocolate%20-Peanut%20Butter%20(6%20Squares),https://seller.walmart.com/catalog/add-items?search=10808360544,N/A,no,no,no,0,0,0,0,N/A,N/A,0,,,Price,16.99,3.77,10.67,62.81 %,283.06 %,5.10,11.55,1,NA,N/A,$2.55,$0.00,0,$2.55,15.00%,$0.00,1,$0.00,$0.30 /lb,$0.00,$0.00,$0.00,$0.00,$0.00,0,$0.00,,0,"For better accuracy, we’ve used dimensions from  to provide more precise estimates,3 or less sellers","0.00, 0.00, 0.00 in, 0.00 lbs",0.00,0.00,0.00,0.00,N/A,Computer
"05/17/2025, 12:03 AM PDT","05/17/2025, 03:03 AM EDT","05/17/2025, 02:03 AM CDT","05/17/2025, 12:03 AM PDT",Awake Caffeinated Chocolate Caramel Bites,657901195,891325004060,N/A,N/A,Awake Couture,Grocery,Chocolate Candy,N/A,N/A,sku-1001-ac-fba,https://i5.walmartimages.com/seo/Awake-Caffeinated-Chocolate-Caramel-Bites_48d37616-9d50-4214-8d93-af045fab9d04.3c590661c33f9c7b8a190170e9d430b0.jpeg,,N/A,https://www.walmart.com/ip/657901195,32.5,https://www.amazon.com/dp/B076639JKZ,https://www.amazon.com/s?k=Awake%20Caffeinated%20Chocolate%20Caramel%20Bites,https://www.ebay.com/sch/i.html?_nkw=Awake%20Caffeinated%20Chocolate%20Caramel%20Bites,https://www.google.com/search?q=Awake%20Caffeinated%20Chocolate%20Caramel%20Bites,https://seller.walmart.com/catalog/add-items?search=657901195,N/A,no,no,no,2,0,2,1061,CANDY CABIN,mfn,$45.00,1055,$45.00,$46.65,45,32.5,-0.33,-0.74 %,-1.03 %,45.30,25.73,1,$46.65,100+ units sold this month on Amazon,$12.83,$5.45,0,$6.75,15.00%,$0.10,1,$0.54,$0.30 /lb,$0.54,$0.00,$0.00,$0.00,$0.00,0,$0.00,,0,"Pulling package information from B076639JKZ via amazon.com,3 or less sellers","7.68, 5.47, 5.31 in, 1.79 lbs",7.68,5.47,5.31,1.79,N/A,Computer
"05/17/2025, 12:04 AM PDT","05/17/2025, 03:04 AM EDT","05/17/2025, 02:04 AM CDT","05/17/2025, 12:04 AM PDT","AWAKE Dark Chocolate Candy Bites, 0.48 Oz, 50 Ct",753169313,891325004169,Single,1,Awake Couture,Grocery,Chocolate Candy,N/A,N/A,N/A,https://i5.walmartimages.com/seo/AWAKE-Dark-Chocolate-Candy-Bites-0-48-Oz-50-Ct_39706e59-5e25-4435-843c-78ad63410c9c.4853d5e39482ba6a30ec49f24d46d9af.jpeg,,N/A,https://www.walmart.com/ip/753169313,32.5,https://www.amazon.com/dp/B0D8PW711G,https://www.amazon.com/s?k=AWAKE%20Dark%20Chocolate%20Candy%20Bites%2C%200.48%20Oz%2C%2050%20Ct,https://www.ebay.com/sch/i.html?_nkw=AWAKE%20Dark%20Chocolate%20Candy%20Bites%2C%200.48%20Oz%2C%2050%20Ct,https://www.google.com/search?q=AWAKE%20Dark%20Chocolate%20Candy%20Bites%2C%200.48%20Oz%2C%2050%20Ct,https://seller.walmart.com/catalog/add-items?search=753169313,N/A,yes,no,no,1,0,1,20,Tribeca Curations,mfn,$54.99,20,$54.99,$54.99,54.99,32.5,8.14,14.81 %,25.06 %,45.30,32.52,1,$42.48,N/A,$14.35,$5.45,0,$8.25,15.00%,$0.15,1,$0.49,$0.30 /lb,$0.49,$0.00,$0.00,$0.00,$0.00,0,$0.00,1,1,"For better accuracy, we’ve used dimensions from B0BGQQG8F6 to provide more precise estimates,3 or less sellers","11.14, 9.41, 3.35 in, 1.65 lbs",11.14,9.41,3.35,1.65,N/A,Computer
"05/17/2025, 12:06 AM PDT","05/17/2025, 03:06 AM EDT","05/17/2025, 02:06 AM CDT","05/17/2025, 12:06 AM PDT",Awake Caffeinated Peanut Butter and Milk Chocolate Bites,518464542,891325004206,N/A,N/A,Awake Couture,Grocery,Chocolate Candy,N/A,N/A,N/A,https://i5.walmartimages.com/seo/Awake-Caffeinated-Peanut-Butter-and-Milk-Chocolate-Bites_29eaa511-bc97-41d5-85a5-c2774b99e811.c8dd14e60088402bea7a5f9085dda2e0.jpeg,,N/A,https://www.walmart.com/ip/518464542,32.5,N/A,https://www.amazon.com/s?k=Awake%20Caffeinated%20Peanut%20Butter%20and%20Milk%20Chocolate%20Bites,https://www.ebay.com/sch/i.html?_nkw=Awake%20Caffeinated%20Peanut%20Butter%20and%20Milk%20Chocolate%20Bites,https://www.google.com/search?q=Awake%20Caffeinated%20Peanut%20Butter%20and%20Milk%20Chocolate%20Bites,https://seller.walmart.com/catalog/add-items?search=518464542,N/A,no,no,no,0,0,0,0,N/A,N/A,0,,,Price,44.81,32.5,-0.49,-1.09 %,-1.51 %,45.30,25.61,1,NA,N/A,$12.80,$5.45,0,$6.72,15.00%,$0.10,1,$0.53,$0.30 /lb,$0.53,$0.00,$0.00,$0.00,$0.00,0,$0.00,1,1,"For better accuracy, we’ve used dimensions from B0BGQMZNG5 to provide more precise estimates,3 or less sellers","7.87, 5.51, 5.35 in, 1.76 lbs",7.87,5.51,5.35,1.76,N/A,Computer
"05/17/2025, 12:10 AM PDT","05/17/2025, 03:10 AM EDT","05/17/2025, 02:10 AM CDT","05/17/2025, 12:10 AM PDT",Charms What-a-Melon Blow Pops 48 Count,611042064,657789561767,N/A,N/A,Charms,Grocery,Lollipops & Suckers,N/A,N/A,N/A,https://i5.walmartimages.com/seo/Charms-What-a-Melon-Blow-Pops-48-Count_25cd707a-8901-4408-a1c8-a55c820d2523.0686af16f0a861803555db7a3b5bd2cc.jpeg,,N/A,https://www.walmart.com/ip/611042064,8.54,N/A,https://www.amazon.com/s?k=Charms%20What-a-Melon%20Blow%20Pops%2048%20Count,https://www.ebay.com/sch/i.html?_nkw=Charms%20What-a-Melon%20Blow%20Pops%2048%20Count,https://www.google.com/search?q=Charms%20What-a-Melon%20Blow%20Pops%2048%20Count,https://seller.walmart.com/catalog/add-items?search=611042064,N/A,no,no,no,6,1,5,1304,SAI CANDY & BEYOND,wfs,$18.49,19,$18.48,$24.87,18.49,8.54,7.18,38.81 %,84.03 %,0.00,12.57,1,NA,N/A,$2.77,$0.00,0,$2.77,15.00%,$0.00,1,$0.00,$0.30 /lb,$0.00,$0.00,$0.00,$0.00,$0.00,0,$0.00,5,1,"For better accuracy, we’ve used dimensions from  to provide more precise estimates","0.00, 0.00, 0.00 in, 0.00 lbs",0.00,0.00,0.00,0.00,N/A,Computer
"05/17/2025, 12:14 AM PDT","05/17/2025, 03:14 AM EDT","05/17/2025, 02:14 AM CDT","05/17/2025, 12:14 AM PDT",B'cuz Granola Bites Cherry Pistachio 3oz,616606803,860000671125,N/A,N/A,B’cuz Snacks,Grocery,Granola,N/A,N/A,N/A,https://i5.walmartimages.com/seo/B-Cuz-Life-Happens-Snack-Granola-Bites-Gluten-Free-Non-GMO-Plant-Based-Cherry-Pistachio-3-Pack_44aa9d22-3cd7-4421-a642-a275cd705dee.078d80ef4dee34ead608425056e7df00.jpeg,,N/A,https://www.walmart.com/ip/616606803,2.69,https://www.amazon.com/dp/B088KTRYD4,https://www.amazon.com/s?k=B'cuz%20Granola%20Bites%20Cherry%20Pistachio%203oz,https://www.ebay.com/sch/i.html?_nkw=B'cuz%20Granola%20Bites%20Cherry%20Pistachio%203oz,https://www.google.com/search?q=B'cuz%20Granola%20Bites%20Cherry%20Pistachio%203oz,https://seller.walmart.com/catalog/add-items?search=616606803,N/A,no,no,no,1,1,0,6,Pops Trading Co Since 1998,wfs,$24.98,6,$24.98,$24.98,24.98,2.69,14.81,59.28 %,550.46 %,8.00,14.00,1,OOS,N/A,$7.48,$3.45,0,$3.75,15.00%,$0.08,1,$0.20,$0.30 /lb,$0.20,$0.00,$0.00,$0.00,$0.00,0,$0.00,,0,"Pulling package information from B088KTRYD4 via amazon.com,3 or less sellers","11.57, 5.87, 2.87 in, 0.67 lbs",11.57,5.87,2.87,0.67,N/A,Computer
"05/17/2025, 12:34 AM PDT","05/17/2025, 03:34 AM EDT","05/17/2025, 02:34 AM CDT","05/17/2025, 12:34 AM PDT","B'cuz Granola Bites S'mores, 5 Pack of 1 oz bags",3424182218,850027792149,N/A,N/A,B’cuz Snacks,Grocery,Granola,N/A,N/A,N/A,https://i5.walmartimages.com/seo/B-cuz-Granola-Bites-S-mores-5-Pack-of-1-oz-bags_eb136ef7-196a-480f-aa95-0b919808b1bf.bc4e47fd67ede6ac0df7db5817699d75.jpeg,,N/A,https://www.walmart.com/ip/3424182218,26.95,N/A,https://www.amazon.com/s?k=B'cuz%20Granola%20Bites%20S'mores%2C%205%20Pack%20of%201%20oz%20bags,https://www.ebay.com/sch/i.html?_nkw=B'cuz%20Granola%20Bites%20S'mores%2C%205%20Pack%20of%201%20oz%20bags,https://www.google.com/search?q=B'cuz%20Granola%20Bites%20S'mores%2C%205%20Pack%20of%201%20oz%20bags,https://seller.walmart.com/catalog/add-items?search=3424182218,N/A,no,no,no,0,0,0,0,N/A,N/A,0,,,Price,56.95,26.95,17.77,31.20 %,65.92 %,35.95,35.77,1,NA,N/A,$12.23,$3.45,0,$8.54,15.00%,$0.05,1,$0.19,$0.30 /lb,$0.19,$0.00,$0.00,$0.00,$0.00,0,$0.00,,0,"For better accuracy, we’ve used dimensions from B0CBNBKD8P to provide more precise estimates,3 or less sellers","12.40, 5.71, 1.61 in, 0.64 lbs",12.40,5.71,1.61,0.64,N/A,Computer
"05/17/2025, 12:35 AM PDT","05/17/2025, 03:35 AM EDT","05/17/2025, 02:35 AM CDT","05/17/2025, 12:35 AM PDT","B'cuz Granola Bites Variety Mix 1oz, 5 Pack of 1 oz bags",3301731602,850027792156,N/A,N/A,B’cuz Snacks,Grocery,Granola,N/A,N/A,N/A,https://i5.walmartimages.com/seo/BCUZ-SNACKS-GRANOLA-BITES-VARIETY-PK-5-OZ-Pack-of-6_57d87cd8-71a2-4482-855c-911af10e3729.38b7859b5bc61932b0acdce8cb140593.jpeg,,N/A,https://www.walmart.com/ip/3301731602,26.95,N/A,https://www.amazon.com/s?k=B'cuz%20Granola%20Bites%20Variety%20Mix%201oz%2C%205%20Pack%20of%201%20oz%20bags,https://www.ebay.com/sch/i.html?_nkw=B'cuz%20Granola%20Bites%20Variety%20Mix%201oz%2C%205%20Pack%20of%201%20oz%20bags,https://www.google.com/search?q=B'cuz%20Granola%20Bites%20Variety%20Mix%201oz%2C%205%20Pack%20of%201%20oz%20bags,https://seller.walmart.com/catalog/add-items?search=3301731602,N/A,no,no,no,0,0,0,0,N/A,N/A,0,,,Price,54.99,26.95,16.1,29.28 %,59.74 %,35.95,34.44,1,NA,N/A,$11.94,$3.45,0,$8.25,15.00%,$0.05,1,$0.19,$0.30 /lb,$0.19,$0.00,$0.00,$0.00,$0.00,0,$0.00,,0,"For better accuracy, we’ve used dimensions from B0CBNBKD8P to provide more precise estimates,3 or less sellers","12.40, 5.71, 1.61 in, 0.64 lbs",12.40,5.71,1.61,0.64,N/A,Computer
"05/17/2025, 12:36 AM PDT","05/17/2025, 03:36 AM EDT","05/17/2025, 02:36 AM CDT","05/17/2025, 12:36 AM PDT","B'cuz Granola Bites Oats N Peanut 1oz, 5 Pack of 1 oz bags",5035142743,850027792194,N/A,N/A,B’cuz Snacks,Grocery,Granola,N/A,N/A,N/A,https://i5.walmartimages.com/seo/B-cuz-Granola-Bites-Cherry-Pistachio-5-Pack-of-1-oz-bags_45dd8642-2b64-4a9e-83db-5017f42b7ed5.0c007c40a1c95d90b68113a973f9d385.jpeg,,N/A,https://www.walmart.com/ip/5035142743,26.95,N/A,https://www.amazon.com/s?k=B'cuz%20Granola%20Bites%20Oats%20N%20Peanut%201oz%2C%205%20Pack%20of%201%20oz%20bags,https://www.ebay.com/sch/i.html?_nkw=B'cuz%20Granola%20Bites%20Oats%20N%20Peanut%201oz%2C%205%20Pack%20of%201%20oz%20bags,https://www.google.com/search?q=B'cuz%20Granola%20Bites%20Oats%20N%20Peanut%201oz%2C%205%20Pack%20of%201%20oz%20bags,https://seller.walmart.com/catalog/add-items?search=5035142743,N/A,no,no,no,0,0,0,0,N/A,N/A,0,,,Price,56.95,26.95,17.77,31.20 %,65.92 %,35.95,35.77,1,NA,N/A,$12.23,$3.45,0,$8.54,15.00%,$0.05,1,$0.19,$0.30 /lb,$0.19,$0.00,$0.00,$0.00,$0.00,0,$0.00,,0,"For better accuracy, we’ve used dimensions from B0CBNBKD8P to provide more precise estimates,3 or less sellers","12.40, 5.71, 1.61 in, 0.64 lbs",12.40,5.71,1.61,0.64,N/A,Computer
"05/17/2025, 12:49 AM PDT","05/17/2025, 03:49 AM EDT","05/17/2025, 02:49 AM CDT","05/17/2025, 12:49 AM PDT",PRIMROSE CANDY HARD BABY RIBBON,170777080,71576351117,N/A,N/A,Primrose,Grocery,Hard Candy,N/A,N/A,N/A,https://i5.walmartimages.com/seo/PRIMROSE-CANDY-HARD-BABY-RIBBON_fcabef3f-444b-4c7e-bd10-758fbbe958cf.77bbcc56a5a9ff94ee45eee53ec070db.jpeg,,N/A,https://www.walmart.com/ip/170777080,3.97,https://www.amazon.com/dp/B07ZJRZVXF,https://www.amazon.com/s?k=PRIMROSE%20CANDY%20HARD%20BABY%20RIBBON,https://www.ebay.com/sch/i.html?_nkw=PRIMROSE%20CANDY%20HARD%20BABY%20RIBBON,https://www.google.com/search?q=PRIMROSE%20CANDY%20HARD%20BABY%20RIBBON,https://seller.walmart.com/catalog/add-items?search=170777080,N/A,yes,no,no,2,1,1,727,AR Elite Standard,wfs,$10.75,3,$10.75,$13.93,10.75,3.97,2.21,20.52 %,55.55 %,9.35,4.94,1,$8.10,N/A,$4.57,$3.45,0,$0.86,8.00%,$0.05,1,$0.22,$0.30 /lb,$0.22,$0.00,$0.00,$0.00,$0.00,0,$0.00,2.2,31,"Pulling package information from B07ZJRZVXF via amazon.com,3 or less sellers","8.19, 6.02, 2.13 in, 0.73 lbs",8.19,6.02,2.13,0.73,N/A,Computer
"05/17/2025, 12:57 AM PDT","05/17/2025, 03:57 AM EDT","05/17/2025, 02:57 AM CDT","05/17/2025, 12:57 AM PDT","Back To Nature Cheddalicious SAF21 Cheese Flavored Crackers, Vegan, Non GMO, 5 Ounces (Pack Of 6)",16208757189,0,N/A,N/A,Back to Nature,Grocery,Snack Crackers,Back to Nature,N/A,N/A,https://i5.walmartimages.com/seo/Back-To-Nature-Cheddalicious-SAF21-Cheese-Flavored-Crackers-Vegan-Non-GMO-5-Ounces-Pack-Of-6_ddcb2143-7633-473c-a2cd-d5484e32ed89.77bd38e796546b930fe2ac51b1bcd199.jpeg,,N/A,https://www.walmart.com/ip/16208757189,19.32,https://www.amazon.com/dp/undefined,https://www.amazon.com/s?k=Back%20To%20Nature%20Cheddalicious%20SAF21%20Cheese%20Flavored%20Crackers%2C%20Vegan%2C%20Non%20GMO%2C%205%20Ounces%20(Pack%20Of%206),https://www.ebay.com/sch/i.html?_nkw=Back%20To%20Nature%20Cheddalicious%20SAF21%20Cheese%20Flavored%20Crackers%2C%20Vegan%2C%20Non%20GMO%2C%205%20Ounces%20(Pack%20Of%206),https://www.google.com/search?q=Back%20To%20Nature%20Cheddalicious%20SAF21%20Cheese%20Flavored%20Crackers%2C%20Vegan%2C%20Non%20GMO%2C%205%20Ounces%20(Pack%20Of%206),https://seller.walmart.com/catalog/add-items?search=16208757189,N/A,yes,no,no,1,0,1,4,Bujix LLC,mfn,$39.00,4,$39.00,$39.00,39,19.32,6.12,15.69 %,31.67 %,31.70,20.35,1,,N/A,$13.56,$6.55,0,$5.85,15.00%,$0.32,1,$0.84,$0.30 /lb,$0.84,$0.00,$0.00,$0.00,$0.00,0,$0.00,,0,"For better accuracy, we’ve used dimensions from B0DHML9B2M to provide more precise estimates,3 or less sellers","15.59, 8.27, 5.79 in, 2.79 lbs",15.59,8.27,5.79,2.79,N/A,Computer
"05/17/2025, 01:01 AM PDT","05/17/2025, 04:01 AM EDT","05/17/2025, 03:01 AM CDT","05/17/2025, 01:01 AM PDT","Pack of 2 Back to Nature Chocolate Chunk Cookies, 7.5 oz (Package May Vary)",16425368867,915953676274,N/A,N/A,Back to Nature,Grocery,Cookies,N/A,N/A,N/A,https://i5.walmartimages.com/seo/Pack-of-2-Back-to-Nature-Chocolate-Chunk-Cookies-7-5-oz-Package-May-Vary_cca90c2b-f476-4e8a-90d9-3bb6e77bda4e.1641d916ed096f2f2f081895412156e0.jpeg,,N/A,https://www.walmart.com/ip/16425368867,8,N/A,https://www.amazon.com/s?k=Pack%20of%202%20Back%20to%20Nature%20Chocolate%20Chunk%20Cookies%2C%207.5%20oz%20(Package%20May%20Vary),https://www.ebay.com/sch/i.html?_nkw=Pack%20of%202%20Back%20to%20Nature%20Chocolate%20Chunk%20Cookies%2C%207.5%20oz%20(Package%20May%20Vary),https://www.google.com/search?q=Pack%20of%202%20Back%20to%20Nature%20Chocolate%20Chunk%20Cookies%2C%207.5%20oz%20(Package%20May%20Vary),https://seller.walmart.com/catalog/add-items?search=16425368867,N/A,no,no,no,1,0,1,2,autoxpres,mfn,$31.96,2,$31.96,$31.96,31.96,8,19.17,59.97 %,239.58 %,9.70,21.73,1,NA,N/A,$4.79,$0.00,0,$4.79,15.00%,$0.00,1,$0.00,$0.30 /lb,$0.00,$0.00,$0.00,$0.00,$0.00,0,$0.00,,0,"For better accuracy, we’ve used dimensions from  to provide more precise estimates,3 or less sellers","0.00, 0.00, 0.00 in, 0.00 lbs",0.00,0.00,0.00,0.00,N/A,Computer
"05/17/2025, 01:02 AM PDT","05/17/2025, 04:02 AM EDT","05/17/2025, 03:02 AM CDT","05/17/2025, 01:02 AM PDT",Back To Nature CRISPY CHEDDAR CRACKER  9-3OZ,344817723,819898010370,N/A,N/A,Back to Nature,Grocery,Snack Crackers,"Back to Nature Foods, LLC",N/A,N/A,https://i5.walmartimages.com/seo/Back-To-Nature-CRISPY-CHEDDAR-CRACKER-9-3OZ_8b27502b-2a01-4eb6-9a74-e7586eb00f6c.98c5fedbd958052f8e5401a5b2955cfe.jpeg,,N/A,https://www.walmart.com/ip/344817723,4,https://www.amazon.com/dp/B00PO9MJB0,https://www.amazon.com/s?k=Back%20To%20Nature%20CRISPY%20CHEDDAR%20CRACKER%20%209-3OZ,https://www.ebay.com/sch/i.html?_nkw=Back%20To%20Nature%20CRISPY%20CHEDDAR%20CRACKER%20%209-3OZ,https://www.google.com/search?q=Back%20To%20Nature%20CRISPY%20CHEDDAR%20CRACKER%20%209-3OZ,https://seller.walmart.com/catalog/add-items?search=344817723,N/A,no,no,no,1,1,0,2,From R Homestead,wfs,$11.99,2,$11.99,$11.99,11.99,4,3.33,27.74 %,83.16 %,9.40,5.86,1,$6.03,1k+ units sold this month on Amazon,$4.66,$3.45,0,$0.96,8.00%,$0.04,1,$0.21,$0.30 /lb,$0.21,$0.00,$0.00,$0.00,$0.00,0,$0.00,,0,"Pulling package information from B00PO9MJB0 via amazon.com,3 or less sellers","7.52, 5.47, 2.32 in, 0.71 lbs",7.52,5.47,2.32,0.71,N/A,Computer
"05/17/2025, 01:03 AM PDT","05/17/2025, 04:03 AM EDT","05/17/2025, 03:03 AM CDT","05/17/2025, 01:03 AM PDT",Back to Nature™ Classic Granola 12.5 oz. Bag,42709726,819898012008,N/A,N/A,Back to Nature,Grocery,Granola,N/A,N/A,87011011,https://i5.walmartimages.com/seo/Back-to-Nature-Classic-Granola-12-5-oz-Bag_962b3fff-477b-402c-a50a-a8341cded81e.6c2027cdcbab66b2521303e97cab91fd.jpeg,,N/A,https://www.walmart.com/ip/42709726,4.28,https://www.amazon.com/dp/B075658PGT,https://www.amazon.com/s?k=Back%20to%20Nature%E2%84%A2%20Classic%20Granola%2012.5%20oz.%20Bag,https://www.ebay.com/sch/i.html?_nkw=Back%20to%20Nature%E2%84%A2%20Classic%20Granola%2012.5%20oz.%20Bag,https://www.google.com/search?q=Back%20to%20Nature%E2%84%A2%20Classic%20Granola%2012.5%20oz.%20Bag,https://seller.walmart.com/catalog/add-items?search=42709726,N/A,yes,no,no,1,0,1,30,DropAir,mfn,$15.00,30,$15.00,$15.00,15,4.28,4,26.67 %,93.46 %,10.55,6.62,1,$21.99,N/A,$6.72,$4.95,0,$1.20,8.00%,$0.09,1,$0.48,$0.30 /lb,$0.48,$0.00,$0.00,$0.00,$0.00,0,$0.00,5,7,"Pulling package information from B075658PGT via amazon.com,3 or less sellers","9.65, 8.11, 2.56 in, 1.61 lbs",9.65,8.11,2.56,1.61,N/A,Computer
"05/17/2025, 01:05 AM PDT","05/17/2025, 04:05 AM EDT","05/17/2025, 03:05 AM CDT","05/17/2025, 01:05 AM PDT","Pack of 2 Back to Nature Classic Round Crackers, 6.5 oz (Package May Vary)",16430313900,915953677448,N/A,N/A,Back to Nature,Grocery,Snack Crackers,N/A,N/A,N/A,https://i5.walmartimages.com/seo/Pack-of-2-Back-to-Nature-Classic-Round-Crackers-6-5-oz-Package-May-Vary_2151ccc7-e13a-4392-aa28-d34e165a9ad7.315ae8d5660257042cb146a4d0aecad2.jpeg,,N/A,https://www.walmart.com/ip/16430313900,6.44,N/A,https://www.amazon.com/s?k=Pack%20of%202%20Back%20to%20Nature%20Classic%20Round%20Crackers%2C%206.5%20oz%20(Package%20May%20Vary),https://www.ebay.com/sch/i.html?_nkw=Pack%20of%202%20Back%20to%20Nature%20Classic%20Round%20Crackers%2C%206.5%20oz%20(Package%20May%20Vary),https://www.google.com/search?q=Pack%20of%202%20Back%20to%20Nature%20Classic%20Round%20Crackers%2C%206.5%20oz%20(Package%20May%20Vary),https://seller.walmart.com/catalog/add-items?search=16430313900,N/A,no,no,no,2,0,2,5,Bujix LLC,mfn,$20.00,4,$20.00,$28.08,20,6.44,10.56,52.80 %,163.98 %,8.00,13.60,1,NA,N/A,$3.00,$0.00,0,$3.00,15.00%,$0.00,1,$0.00,$0.30 /lb,$0.00,$0.00,$0.00,$0.00,$0.00,0,$0.00,,0,"For better accuracy, we’ve used dimensions from  to provide more precise estimates,3 or less sellers","0.00, 0.00, 0.00 in, 0.00 lbs",0.00,0.00,0.00,0.00,N/A,Computer
"05/17/2025, 01:06 AM PDT","05/17/2025, 04:06 AM EDT","05/17/2025, 03:06 AM CDT","05/17/2025, 01:06 AM PDT","Back to Nature Fudge Mint Cookies, 6.4 Oz.",42440906,819898011025,N/A,N/A,Back to Nature,Grocery,Cookies,N/A,N/A,819898011025,https://i5.walmartimages.com/seo/Back-to-Nature-Fudge-Mint-Cookies-6-4-Oz_82ca3572-3ba4-452f-ae72-e702fcb71574.7c037876f0a9e2278910322d52fb586b.jpeg,,N/A,https://www.walmart.com/ip/42440906,4.7,https://www.amazon.com/dp/B00IVT3YRS,https://www.amazon.com/s?k=Back%20to%20Nature%20Fudge%20Mint%20Cookies%2C%206.4%20Oz.,https://www.ebay.com/sch/i.html?_nkw=Back%20to%20Nature%20Fudge%20Mint%20Cookies%2C%206.4%20Oz.,https://www.google.com/search?q=Back%20to%20Nature%20Fudge%20Mint%20Cookies%2C%206.4%20Oz.,https://seller.walmart.com/catalog/add-items?search=42440906,N/A,no,no,no,0,0,0,0,N/A,N/A,0,,,Price,9.99,4.7,-0.16,-1.59 %,-3.39 %,0.00,3.63,1,OOS,50+ units sold this month on Amazon,$5.45,$3.45,0,$0.80,8.00%,$0.04,1,$1.16,$0.30 /lb,$0.16,$0.00,$0.00,$0.00,$0.00,0,$0.00,4.6,21,"Pulling package information from B00IVT3YRS via amazon.com,3 or less sellers","7.83, 5.39, 2.24 in, 0.53 lbs",7.83,5.39,2.24,0.53,N/A,Computer
"05/17/2025, 01:08 AM PDT","05/17/2025, 04:08 AM EDT","05/17/2025, 03:08 AM CDT","05/17/2025, 01:08 AM PDT","Back To Nature Cranberry Pecan Granola Whole Grain Rolled Oats With Tart Cranberries And Crunchy Pecans, 11 Oz",42751066,819898012039,N/A,N/A,Back to Nature,Grocery,Granola,N/A,N/A,11014,https://i5.walmartimages.com/seo/Back-To-Nature-Cranberry-Pecan-Granola-Whole-Grain-Rolled-Oats-With-Tart-Cranberries-And-Crunchy-Pecans-11-Oz_4bb26d4d-2bbf-4d8e-862a-6f24b6294289.0167a1a5987f3e22837a11b7eabc3399.jpeg,,N/A,https://www.walmart.com/ip/42751066,4.28,https://www.amazon.com/dp/B00LAXKP6U,https://www.amazon.com/s?k=Back%20To%20Nature%20Cranberry%20Pecan%20Granola%20Whole%20Grain%20Rolled%20Oats%20With%20Tart%20Cranberries%20And%20Crunchy%20Pecans%2C%2011%20Oz,https://www.ebay.com/sch/i.html?_nkw=Back%20To%20Nature%20Cranberry%20Pecan%20Granola%20Whole%20Grain%20Rolled%20Oats%20With%20Tart%20Cranberries%20And%20Crunchy%20Pecans%2C%2011%20Oz,https://www.google.com/search?q=Back%20To%20Nature%20Cranberry%20Pecan%20Granola%20Whole%20Grain%20Rolled%20Oats%20With%20Tart%20Cranberries%20And%20Crunchy%20Pecans%2C%2011%20Oz,https://seller.walmart.com/catalog/add-items?search=42751066,N/A,yes,no,no,1,0,1,4,Amazing.AHF,mfn,$17.16,4,$17.16,$17.16,17.16,4.28,6.62,38.56 %,154.62 %,9.65,8.72,1,$12.45,N/A,$6.26,$3.45,0,$2.57,15.00%,$0.03,1,$0.21,$0.30 /lb,$0.21,$0.00,$0.00,$0.00,$0.00,0,$0.00,5,2,"Pulling package information from B00LAXKP6U via amazon.com,3 or less sellers","9.88, 5.00, 1.18 in, 0.71 lbs",9.88,5.00,1.18,0.71,N/A,Computer
"05/17/2025, 01:09 AM PDT","05/17/2025, 04:09 AM EDT","05/17/2025, 03:09 AM CDT","05/17/2025, 01:09 AM PDT",Back to Nature - Crispy Wheat Crackers - Real Ingredients like Wheat Flour & Sea Salt - Non-GMO - 6.5 Ounce,14182071763,819898010134,N/A,N/A,Back to Nature,Grocery,Snack Crackers,Back to Nature,N/A,N/A,https://i5.walmartimages.com/seo/Back-to-Nature-Crispy-Wheat-Crackers-6-5-oz_5ae02522-5c97-49d1-bcec-351df4ed755e.db107050d20b917300807df0d314e0d4.jpeg,,N/A,https://www.walmart.com/ip/14182071763,3.22,https://www.amazon.com/dp/B00L2NA8TC,https://www.amazon.com/s?k=Back%20to%20Nature%20-%20Crispy%20Wheat%20Crackers%20-%20Real%20Ingredients%20like%20Wheat%20Flour%20%26%20Sea%20Salt%20-%20Non-GMO%20-%206.5%20Ounce,https://www.ebay.com/sch/i.html?_nkw=Back%20to%20Nature%20-%20Crispy%20Wheat%20Crackers%20-%20Real%20Ingredients%20like%20Wheat%20Flour%20%26%20Sea%20Salt%20-%20Non-GMO%20-%206.5%20Ounce,https://www.google.com/search?q=Back%20to%20Nature%20-%20Crispy%20Wheat%20Crackers%20-%20Real%20Ingredients%20like%20Wheat%20Flour%20%26%20Sea%20Salt%20-%20Non-GMO%20-%206.5%20Ounce,https://seller.walmart.com/catalog/add-items?search=14182071763,N/A,no,no,no,1,0,1,20,Nancy Miller,mfn,$12.98,20,$12.98,$12.98,12.98,3.22,5.08,39.12 %,157.69 %,8.45,6.64,1,$4.49,3k+ units sold this month on Amazon,$4.68,$3.45,0,$1.04,8.00%,$0.04,1,$0.15,$0.30 /lb,$0.15,$0.00,$0.00,$0.00,$0.00,0,$0.00,,0,"Pulling package information from B00L2NA8TC via amazon.com,3 or less sellers","7.48, 5.39, 2.52 in, 0.50 lbs",7.48,5.39,2.52,0.50,N/A,Computer
"05/17/2025, 01:12 AM PDT","05/17/2025, 04:12 AM EDT","05/17/2025, 03:12 AM CDT","05/17/2025, 01:12 AM PDT",Back to Nature - SBF3&nbsp;Double Classic Creme Sandwich Cookies - Enjoy Our Plant Based Cookies Made with Wheat Flour - Vegan & Non-GMO - Seriously Tasty Snacking - 8.25 Ounce,16473565313,0,N/A,N/A,Back to Nature,Grocery,Cookies,N/A,N/A,N/A,https://i5.walmartimages.com/seo/Back-Nature-SBF3-nbsp-Double-Classic-Creme-Sandwich-Cookies-Enjoy-Plant-Based-Cookies-Made-Wheat-Flour-Vegan-Non-GMO-Seriously-Tasty-Snacking-8-25-Ou_1f5e1110-324b-44b1-97d5-c27129e9b998.21c108395fdb114648b91d4ed160b0e3.jpeg,,N/A,https://www.walmart.com/ip/16473565313,4,https://www.amazon.com/dp/undefined,https://www.amazon.com/s?k=Back%20to%20Nature%20-%20SBF3%26nbsp%3BDouble%20Classic%20Creme%20Sandwich%20Cookies%20-%20Enjoy%20Our%20Plant%20Based%20Cookies%20Made%20with%20Wheat%20Flour%20-%20Vegan%20%26%20Non-GMO%20-%20Seriously%20Tasty%20Snacking%20-%208.25%20Ounce,https://www.ebay.com/sch/i.html?_nkw=Back%20to%20Nature%20-%20SBF3%26nbsp%3BDouble%20Classic%20Creme%20Sandwich%20Cookies%20-%20Enjoy%20Our%20Plant%20Based%20Cookies%20Made%20with%20Wheat%20Flour%20-%20Vegan%20%26%20Non-GMO%20-%20Seriously%20Tasty%20Snacking%20-%208.25%20Ounce,https://www.google.com/search?q=Back%20to%20Nature%20-%20SBF3%26nbsp%3BDouble%20Classic%20Creme%20Sandwich%20Cookies%20-%20Enjoy%20Our%20Plant%20Based%20Cookies%20Made%20with%20Wheat%20Flour%20-%20Vegan%20%26%20Non-GMO%20-%20Seriously%20Tasty%20Snacking%20-%208.25%20Ounce,https://seller.walmart.com/catalog/add-items?search=16473565313,N/A,no,no,no,1,0,1,12,SATS BEAUTY& GIFTS LLC,mfn,$17.42,12,$17.42,$17.42,17.42,4,10.81,62.04 %,270.18 %,5.35,11.85,1,,N/A,$2.61,$0.00,0,$2.61,15.00%,$0.00,1,$0.00,$0.30 /lb,$0.00,$0.00,$0.00,$0.00,$0.00,0,$0.00,,0,"For better accuracy, we’ve used dimensions from  to provide more precise estimates,3 or less sellers","0.00, 0.00, 0.00 in, 0.00 lbs",0.00,0.00,0.00,0.00,N/A,Computer
"05/17/2025, 01:26 AM PDT","05/17/2025, 04:26 AM EDT","05/17/2025, 03:26 AM CDT","05/17/2025, 01:26 AM PDT","Back to Nature Fudge Mint Cookies NSD3&nbsp;- Vegan, Non-GMO, Made with Wheat Flour, seriously tasty snacks, 5.5 Ounce",16439061536,0,N/A,N/A,Back to Nature,Grocery,Cookies,N/A,N/A,N/A,https://i5.walmartimages.com/seo/Back-to-Nature-Fudge-Mint-Cookies-NSD3-nbsp-Vegan-Non-GMO-Made-with-Wheat-Flour-seriously-tasty-snacks-5-5-Ounce_5e7b6243-408d-4fe8-8810-72db5fe88010.cfeaee793fea9ba1935948cfc8df9375.jpeg,,N/A,https://www.walmart.com/ip/16439061536,7.7,https://www.amazon.com/dp/undefined,https://www.amazon.com/s?k=Back%20to%20Nature%20Fudge%20Mint%20Cookies%20NSD3%26nbsp%3B-%20Vegan%2C%20Non-GMO%2C%20Made%20with%20Wheat%20Flour%2C%20seriously%20tasty%20snacks%2C%205.5%20Ounce,https://www.ebay.com/sch/i.html?_nkw=Back%20to%20Nature%20Fudge%20Mint%20Cookies%20NSD3%26nbsp%3B-%20Vegan%2C%20Non-GMO%2C%20Made%20with%20Wheat%20Flour%2C%20seriously%20tasty%20snacks%2C%205.5%20Ounce,https://www.google.com/search?q=Back%20to%20Nature%20Fudge%20Mint%20Cookies%20NSD3%26nbsp%3B-%20Vegan%2C%20Non-GMO%2C%20Made%20with%20Wheat%20Flour%2C%20seriously%20tasty%20snacks%2C%205.5%20Ounce,https://seller.walmart.com/catalog/add-items?search=16439061536,N/A,yes,no,no,1,0,1,12,Nabik Store,mfn,$18.87,12,$18.87,$18.87,18.87,7.7,8.34,44.19 %,108.31 %,9.35,12.83,1,,N/A,$2.83,$0.00,0,$2.83,15.00%,$0.00,1,$0.00,$0.30 /lb,$0.00,$0.00,$0.00,$0.00,$0.00,0,$0.00,,0,"For better accuracy, we’ve used dimensions from  to provide more precise estimates,3 or less sellers","0.00, 0.00, 0.00 in, 0.00 lbs",0.00,0.00,0.00,0.00,N/A,Computer
"05/17/2025, 01:29 AM PDT","05/17/2025, 04:29 AM EDT","05/17/2025, 03:29 AM CDT","05/17/2025, 01:29 AM PDT","Back to Nature Golden Creme Sandwich Cookies - Dairy Free, Non-GMO, Made with Wheat Flour, Delicious & Quality Snacks, 8.25 OunceTA1",16282067516,0,N/A,N/A,Back to Nature,Grocery,Cookies,N/A,N/A,N/A,https://i5.walmartimages.com/seo/Back-to-Nature-Golden-Creme-Sandwich-Cookies-Dairy-Free-Non-GMO-Made-with-Wheat-Flour-Delicious-Quality-Snacks-8-25-OunceTA1_d5ea50bf-95c0-401e-b222-88539e4dd391.2f69e30bd8429d717ea6237a3b93ff67.jpeg,,N/A,https://www.walmart.com/ip/16282067516,4,https://www.amazon.com/dp/undefined,https://www.amazon.com/s?k=Back%20to%20Nature%20Golden%20Creme%20Sandwich%20Cookies%20-%20Dairy%20Free%2C%20Non-GMO%2C%20Made%20with%20Wheat%20Flour%2C%20Delicious%20%26%20Quality%20Snacks%2C%208.25%20OunceTA1,https://www.ebay.com/sch/i.html?_nkw=Back%20to%20Nature%20Golden%20Creme%20Sandwich%20Cookies%20-%20Dairy%20Free%2C%20Non-GMO%2C%20Made%20with%20Wheat%20Flour%2C%20Delicious%20%26%20Quality%20Snacks%2C%208.25%20OunceTA1,https://www.google.com/search?q=Back%20to%20Nature%20Golden%20Creme%20Sandwich%20Cookies%20-%20Dairy%20Free%2C%20Non-GMO%2C%20Made%20with%20Wheat%20Flour%2C%20Delicious%20%26%20Quality%20Snacks%2C%208.25%20OunceTA1,https://seller.walmart.com/catalog/add-items?search=16282067516,N/A,yes,no,no,1,0,1,10,systemlogicsllc,mfn,$16.87,10,$16.87,$16.87,16.87,4,10.34,61.29 %,258.49 %,5.35,11.47,1,,N/A,$2.53,$0.00,0,$2.53,15.00%,$0.00,1,$0.00,$0.30 /lb,$0.00,$0.00,$0.00,$0.00,$0.00,0,$0.00,,0,"For better accuracy, we’ve used dimensions from  to provide more precise estimates,3 or less sellers","0.00, 0.00, 0.00 in, 0.00 lbs",0.00,0.00,0.00,0.00,N/A,Computer
"05/17/2025, 01:30 AM PDT","05/17/2025, 04:30 AM EDT","05/17/2025, 03:30 AM CDT","05/17/2025, 01:30 AM PDT","Back to Nature Harvest Whole Wheat Crackers - Dairy Free, Non-GMO, Made with Whole Grain Wheat & Sea Salt, Delicious Snacks, 7 Ounce",14365563153,819898010752,N/A,N/A,Back to Nature,Grocery,Snack Crackers,Back to Nature,N/A,N/A,https://i5.walmartimages.com/seo/Back-to-Nature-Harvest-Whole-Wheat-Crackers_78ccd39e-729b-4e72-bec0-7f9793dfb9e2.79791fd200628838319326ccdaf927aa.jpeg,,N/A,https://www.walmart.com/ip/14365563153,3.22,https://www.amazon.com/dp/B0DMGYD9RG,https://www.amazon.com/s?k=Back%20to%20Nature%20Harvest%20Whole%20Wheat%20Crackers%20-%20Dairy%20Free%2C%20Non-GMO%2C%20Made%20with%20Whole%20Grain%20Wheat%20%26%20Sea%20Salt%2C%20Delicious%20Snacks%2C%207%20Ounce,https://www.ebay.com/sch/i.html?_nkw=Back%20to%20Nature%20Harvest%20Whole%20Wheat%20Crackers%20-%20Dairy%20Free%2C%20Non-GMO%2C%20Made%20with%20Whole%20Grain%20Wheat%20%26%20Sea%20Salt%2C%20Delicious%20Snacks%2C%207%20Ounce,https://www.google.com/search?q=Back%20to%20Nature%20Harvest%20Whole%20Wheat%20Crackers%20-%20Dairy%20Free%2C%20Non-GMO%2C%20Made%20with%20Whole%20Grain%20Wheat%20%26%20Sea%20Salt%2C%20Delicious%20Snacks%2C%207%20Ounce,https://seller.walmart.com/catalog/add-items?search=14365563153,N/A,no,no,no,1,0,1,18,Nancy Miller,mfn,$13.25,18,$13.25,$13.25,13.25,3.22,5.32,40.17 %,165.31 %,8.45,6.83,1,$4.76,400+ units sold this month on Amazon,$4.71,$3.45,0,$1.06,8.00%,$0.03,1,$0.17,$0.30 /lb,$0.17,$0.00,$0.00,$0.00,$0.00,0,$0.00,,0,"Pulling package information from B0DMGYD9RG via amazon.com,3 or less sellers","6.38, 4.33, 2.68 in, 0.55 lbs",6.38,4.33,2.68,0.55,N/A,Computer
"05/17/2025, 01:33 AM PDT","05/17/2025, 04:33 AM EDT","05/17/2025, 03:33 AM CDT","05/17/2025, 01:33 AM PDT","Back to Nature - Multigrain Flax Seeded Flatbread Crackers - Non-GMO, Made with Real Ingredients like Wheat Flour & Whole Grains - Seriously Tasty Snacks - 5 Ounce",14319366118,819898010080,N/A,N/A,Back to Nature,Grocery,Snack Crackers,Back to Nature,N/A,N/A,https://i5.walmartimages.com/seo/Back-Nature-Multigrain-Flax-Seeded-Flatbread-Crackers-Non-GMO-Made-Real-Ingredients-like-Wheat-Flour-Whole-Grains-Seriously-Tasty-Snacks-5-Ounce_96e61d00-b4d8-4960-b601-7557aa9a91e9.9e6ea422393051132e623538fcb2dfc4.jpeg,,N/A,https://www.walmart.com/ip/14319366118,3.22,https://www.amazon.com/dp/B0DD1T655V,https://www.amazon.com/s?k=Back%20to%20Nature%20-%20Multigrain%20Flax%20Seeded%20Flatbread%20Crackers%20-%20Non-GMO%2C%20Made%20with%20Real%20Ingredients%20like%20Wheat%20Flour%20%26%20Whole%20Grains%20-%20Seriously%20Tasty%20Snacks%20-%205%20Ounce,https://www.ebay.com/sch/i.html?_nkw=Back%20to%20Nature%20-%20Multigrain%20Flax%20Seeded%20Flatbread%20Crackers%20-%20Non-GMO%2C%20Made%20with%20Real%20Ingredients%20like%20Wheat%20Flour%20%26%20Whole%20Grains%20-%20Seriously%20Tasty%20Snacks%20-%205%20Ounce,https://www.google.com/search?q=Back%20to%20Nature%20-%20Multigrain%20Flax%20Seeded%20Flatbread%20Crackers%20-%20Non-GMO%2C%20Made%20with%20Real%20Ingredients%20like%20Wheat%20Flour%20%26%20Whole%20Grains%20-%20Seriously%20Tasty%20Snacks%20-%205%20Ounce,https://seller.walmart.com/catalog/add-items?search=14319366118,N/A,no,no,no,2,0,2,80,Nancy Miller,mfn,$12.98,20,$12.98,$16.45,12.98,3.22,5.1,39.29 %,158.39 %,8.45,6.66,1,$4.49,3k+ units sold this month on Amazon,$4.66,$3.45,0,$1.04,8.00%,$0.05,1,$0.13,$0.30 /lb,$0.13,$0.00,$0.00,$0.00,$0.00,0,$0.00,,0,"Pulling package information from B0DD1T655V via amazon.com,3 or less sellers","7.44, 5.51, 2.56 in, 0.42 lbs",7.44,5.51,2.56,0.42,N/A,Computer
"05/17/2025, 01:35 AM PDT","05/17/2025, 04:35 AM EDT","05/17/2025, 03:35 AM CDT","05/17/2025, 01:35 AM PDT",Back to Nature™ Cashew Almond Pistachio Nuts 9 oz. Pouch,54498330,819898013142,N/A,N/A,Back to Nature,Grocery,Edible Nuts,N/A,N/A,1838929,https://i5.walmartimages.com/seo/Back-to-Nature-Cashew-Almond-Pistachio-Nuts-9-oz-Pouch_6670dca4-11a0-4e01-b87c-bfee62b33238.731eaa8168af837a094d30d4fcdc00cb.jpeg,,N/A,https://www.walmart.com/ip/54498330,7,https://www.amazon.com/dp/B01ER3PZYQ,https://www.amazon.com/s?k=Back%20to%20Nature%E2%84%A2%20Cashew%20Almond%20Pistachio%20Nuts%209%20oz.%20Pouch,https://www.ebay.com/sch/i.html?_nkw=Back%20to%20Nature%E2%84%A2%20Cashew%20Almond%20Pistachio%20Nuts%209%20oz.%20Pouch,https://www.google.com/search?q=Back%20to%20Nature%E2%84%A2%20Cashew%20Almond%20Pistachio%20Nuts%209%20oz.%20Pouch,https://seller.walmart.com/catalog/add-items?search=54498330,N/A,no,no,no,5,1,4,11030,OTCRx4U,wfs,$14.54,5,$14.54,$19.98,14.54,7,2.71,18.67 %,38.79 %,11.50,7.77,1,$7.06,300+ units sold this month on Amazon,$4.83,$3.45,0,$1.16,8.00%,$0.04,1,$0.17,$0.30 /lb,$0.17,$0.00,$0.00,$0.00,$0.00,0,$0.00,3.5,2,Pulling package information from B01ER3PZYQ via amazon.com,"8.15, 5.63, 2.05 in, 0.57 lbs",8.15,5.63,2.05,0.57,N/A,Computer
"05/17/2025, 01:36 AM PDT","05/17/2025, 04:36 AM EDT","05/17/2025, 03:36 AM CDT","05/17/2025, 01:36 AM PDT",Back to Nature - Stoneground Wheat Crackers - Made with Real Ingredients like Whole Grains and Flax Seed - Non-GMO - 5 Ounce (Pack of 6)TA1,16271050110,0,N/A,N/A,Back to Nature,Grocery,Snack Crackers,Back to Nature,N/A,N/A,https://i5.walmartimages.com/seo/Back-to-Nature-Stoneground-Wheat-Crackers-Made-with-Real-Ingredients-like-Whole-Grains-and-Flax-Seed-Non-GMO-5-Ounce-Pack-of-6-TA1_455b527f-3f00-4e96-a2a8-34656de85526.ffb786e6cb0b73a6cd67588418045257.jpeg,,N/A,https://www.walmart.com/ip/16271050110,19.32,https://www.amazon.com/dp/undefined,https://www.amazon.com/s?k=Back%20to%20Nature%20-%20Stoneground%20Wheat%20Crackers%20-%20Made%20with%20Real%20Ingredients%20like%20Whole%20Grains%20and%20Flax%20Seed%20-%20Non-GMO%20-%205%20Ounce%20(Pack%20of%206)TA1,https://www.ebay.com/sch/i.html?_nkw=Back%20to%20Nature%20-%20Stoneground%20Wheat%20Crackers%20-%20Made%20with%20Real%20Ingredients%20like%20Whole%20Grains%20and%20Flax%20Seed%20-%20Non-GMO%20-%205%20Ounce%20(Pack%20of%206)TA1,https://www.google.com/search?q=Back%20to%20Nature%20-%20Stoneground%20Wheat%20Crackers%20-%20Made%20with%20Real%20Ingredients%20like%20Whole%20Grains%20and%20Flax%20Seed%20-%20Non-GMO%20-%205%20Ounce%20(Pack%20of%206)TA1,https://seller.walmart.com/catalog/add-items?search=16271050110,N/A,yes,no,no,2,0,2,12,EYP ENTERPRISE,mfn,$48.69,2,$48.69,$48.71,48.69,19.32,14.33,29.42 %,74.15 %,31.75,26.92,1,,N/A,$15.04,$6.55,0,$7.30,15.00%,$0.33,1,$0.86,$0.30 /lb,$0.86,$0.00,$0.00,$0.00,$0.00,0,$0.00,,0,"For better accuracy, we’ve used dimensions from B0DJB4LDP2 to provide more precise estimates,3 or less sellers","15.67, 8.35, 5.79 in, 2.87 lbs",15.67,8.35,5.79,2.87,N/A,Computer
"05/17/2025, 01:38 AM PDT","05/17/2025, 04:38 AM EDT","05/17/2025, 03:38 AM CDT","05/17/2025, 01:38 AM PDT","Back to Nature Granola Clusters Cereal - Non-GMO, Plant Based Snacks made with Whole Grain Rolled Oats - Peanut Butter Clusters, 11 OunceTA1",16293961765,0,N/A,N/A,Back to Nature,Grocery,Granola,N/A,N/A,N/A,https://i5.walmartimages.com/seo/Back-to-Nature-Granola-Clusters-Cereal-Non-GMO-Plant-Based-Snacks-made-with-Whole-Grain-Rolled-Oats-Peanut-Butter-Clusters-11-OunceTA1_65a99db7-5044-4f49-acb9-55f60a69b9a1.7eb48af16b1f5a1e81a9d5972ee863b7.jpeg,,N/A,https://www.walmart.com/ip/16293961765,4.28,https://www.amazon.com/dp/undefined,https://www.amazon.com/s?k=Back%20to%20Nature%20Granola%20Clusters%20Cereal%20-%20Non-GMO%2C%20Plant%20Based%20Snacks%20made%20with%20Whole%20Grain%20Rolled%20Oats%20-%20Peanut%20Butter%20Clusters%2C%2011%20OunceTA1,https://www.ebay.com/sch/i.html?_nkw=Back%20to%20Nature%20Granola%20Clusters%20Cereal%20-%20Non-GMO%2C%20Plant%20Based%20Snacks%20made%20with%20Whole%20Grain%20Rolled%20Oats%20-%20Peanut%20Butter%20Clusters%2C%2011%20OunceTA1,https://www.google.com/search?q=Back%20to%20Nature%20Granola%20Clusters%20Cereal%20-%20Non-GMO%2C%20Plant%20Based%20Snacks%20made%20with%20Whole%20Grain%20Rolled%20Oats%20-%20Peanut%20Butter%20Clusters%2C%2011%20OunceTA1,https://seller.walmart.com/catalog/add-items?search=16293961765,N/A,yes,no,no,2,0,2,15,ZAK DISTRIBUTION,mfn,$14.98,5,$14.98,$17.77,14.98,4.28,9.5,63.43 %,222.00 %,5.65,11.03,1,,N/A,$1.20,$0.00,0,$1.20,8.00%,$0.00,1,$0.00,$0.30 /lb,$0.00,$0.00,$0.00,$0.00,$0.00,0,$0.00,,0,"For better accuracy, we’ve used dimensions from  to provide more precise estimates,3 or less sellers","0.00, 0.00, 0.00 in, 0.00 lbs",0.00,0.00,0.00,0.00,N/A,Computer
"05/17/2025, 03:15 AM PDT","05/17/2025, 06:15 AM EDT","05/17/2025, 05:15 AM CDT","05/17/2025, 03:15 AM PDT","Back to Nature Peanut Butter Creme Sandwich Cookies, 8.25 oz (Package May Vary)",16444055745,915953651233,N/A,N/A,Back to Nature,Grocery,Cookies,N/A,N/A,N/A,https://i5.walmartimages.com/seo/Back-to-Nature-Peanut-Butter-Creme-Sandwich-Cookies-8-25-oz-Package-May-Vary_eb649929-35c1-4ff9-8c59-e57a7e2385de.cb1a7fcfb7b5a3a9ef2f24aded549a75.jpeg,,N/A,https://www.walmart.com/ip/16444055745,4,N/A,https://www.amazon.com/s?k=Back%20to%20Nature%20Peanut%20Butter%20Creme%20Sandwich%20Cookies%2C%208.25%20oz%20(Package%20May%20Vary),https://www.ebay.com/sch/i.html?_nkw=Back%20to%20Nature%20Peanut%20Butter%20Creme%20Sandwich%20Cookies%2C%208.25%20oz%20(Package%20May%20Vary),https://www.google.com/search?q=Back%20to%20Nature%20Peanut%20Butter%20Creme%20Sandwich%20Cookies%2C%208.25%20oz%20(Package%20May%20Vary),https://seller.walmart.com/catalog/add-items?search=16444055745,N/A,no,no,no,3,0,3,8,Essentialliving091720 LLC,mfn,$20.00,2,$20.00,$21.98,20,4,9.31,46.54 %,232.68 %,9.35,10.65,1,NA,N/A,$6.69,$3.45,0,$3.00,15.00%,$0.04,1,$0.20,$0.30 /lb,$0.20,$0.00,$0.00,$0.00,$0.00,0,$0.00,,0,"For better accuracy, we’ve used dimensions from B0DFJLKWQ1 to provide more precise estimates,3 or less sellers","7.64, 5.43, 2.32 in, 0.67 lbs",7.64,5.43,2.32,0.67,N/A,Computer
"05/17/2025, 03:17 AM PDT","05/17/2025, 06:17 AM EDT","05/17/2025, 05:17 AM CDT","05/17/2025, 03:17 AM PDT","Back to Nature Stoneground Wheat Crackers, Rosemary & Olive Oil - Dairy Free, Non-GMO, Made with Whole Grains & Flax Seed, Delicious & Quality Snacks,5 Ounce​",14341019604,819898010189,N/A,N/A,Back to Nature,Grocery,Snack Crackers,Back to Nature,N/A,N/A,https://i5.walmartimages.com/seo/Back-Nature-Stoneground-Wheat-Crackers-Rosemary-Olive-Oil-Dairy-Free-Non-GMO-Made-Whole-Grains-Flax-Seed-Delicious-Quality-Snacks-5-Ounce_3f285354-d482-4a06-81d3-eec81a692fb6.3f3581624d90049efea2fc97af9295de.jpeg,,N/A,https://www.walmart.com/ip/14341019604,3.22,https://www.amazon.com/dp/B0DD1W68Y8,https://www.amazon.com/s?k=Back%20to%20Nature%20Stoneground%20Wheat%20Crackers%2C%20Rosemary%20%26%20Olive%20Oil%20-%20Dairy%20Free%2C%20Non-GMO%2C%20Made%20with%20Whole%20Grains%20%26%20Flax%20Seed%2C%20Delicious%20%26%20Quality%20Snacks%2C5%20Ounce%E2%80%8B,https://www.ebay.com/sch/i.html?_nkw=Back%20to%20Nature%20Stoneground%20Wheat%20Crackers%2C%20Rosemary%20%26%20Olive%20Oil%20-%20Dairy%20Free%2C%20Non-GMO%2C%20Made%20with%20Whole%20Grains%20%26%20Flax%20Seed%2C%20Delicious%20%26%20Quality%20Snacks%2C5%20Ounce%E2%80%8B,https://www.google.com/search?q=Back%20to%20Nature%20Stoneground%20Wheat%20Crackers%2C%20Rosemary%20%26%20Olive%20Oil%20-%20Dairy%20Free%2C%20Non-GMO%2C%20Made%20with%20Whole%20Grains%20%26%20Flax%20Seed%2C%20Delicious%20%26%20Quality%20Snacks%2C5%20Ounce%E2%80%8B,https://seller.walmart.com/catalog/add-items?search=14341019604,N/A,no,no,no,1,0,1,19,Nancy Miller,mfn,$12.98,19,$12.98,$12.98,12.98,3.22,5.1,39.33 %,158.53 %,8.45,6.66,1,$4.49,1k+ units sold this month on Amazon,$4.66,$3.45,0,$1.04,8.00%,$0.04,1,$0.12,$0.30 /lb,$0.12,$0.00,$0.00,$0.00,$0.00,0,$0.00,,0,"Pulling package information from B0DD1W68Y8 via amazon.com,3 or less sellers","7.40, 5.43, 2.52 in, 0.41 lbs",7.40,5.43,2.52,0.41,N/A,Computer
"05/17/2025, 03:20 AM PDT","05/17/2025, 06:20 AM EDT","05/17/2025, 05:20 AM CDT","05/17/2025, 03:20 AM PDT",Bahlsen Akora Fruit Filled Chocolate Gingerbread,14943159066,70569816817,N/A,N/A,Bahlsen,Grocery,Cookies,N/A,N/A,N/A,https://i5.walmartimages.com/seo/Bahlsen-Akora-Fruit-Filled-Chocolate-Gingerbread_44821196-0981-42b8-a967-6f9e7bb07f39.ea5e8530f45a646b9d9a99a8e3a60cd5.jpeg,,N/A,https://www.walmart.com/ip/14943159066,5.92,https://www.amazon.com/dp/B0DSGJD2WY,https://www.amazon.com/s?k=Bahlsen%20Akora%20Fruit%20Filled%20Chocolate%20Gingerbread,https://www.ebay.com/sch/i.html?_nkw=Bahlsen%20Akora%20Fruit%20Filled%20Chocolate%20Gingerbread,https://www.google.com/search?q=Bahlsen%20Akora%20Fruit%20Filled%20Chocolate%20Gingerbread,https://seller.walmart.com/catalog/add-items?search=14943159066,N/A,no,no,no,0,0,0,0,N/A,N/A,0,,,Price,15,5.92,2.41,16.10 %,40.79 %,12.30,6.67,1,OOS,N/A,$6.67,$4.95,0,$1.20,8.00%,$0.10,1,$0.41,$0.30 /lb,$0.41,$0.00,$0.00,$0.00,$0.00,0,$0.00,,0,"Pulling package information from B0DSGJD2WY via amazon.com,3 or less sellers","9.49, 7.01, 3.50 in, 1.38 lbs",9.49,7.01,3.50,1.38,N/A,Computer
"05/17/2025, 03:24 AM PDT","05/17/2025, 06:24 AM EDT","05/17/2025, 05:24 AM CDT","05/17/2025, 03:24 AM PDT",Choco Wafers Milk Chocolate MZF22 Cookies (12 boxes) by Bahlsen- Wafers covered with European Chocolate - 3.4 oz boxes,16543168955,0,N/A,N/A,Bahlsen,Grocery,Cookies,N/A,N/A,N/A,https://i5.walmartimages.com/seo/Choco-Wafers-Milk-Chocolate-MZF22-Cookies-12-boxes-by-Bahlsen-Wafers-covered-with-European-Chocolate-3-4-oz-boxes_5961c427-1768-4a50-b658-5ee2789a37a3.2f1ebf37fee1e89ac79405dd2e2138c9.jpeg,,N/A,https://www.walmart.com/ip/16543168955,56.76,https://www.amazon.com/dp/undefined,https://www.amazon.com/s?k=Choco%20Wafers%20Milk%20Chocolate%20MZF22%20Cookies%20(12%20boxes)%20by%20Bahlsen-%20Wafers%20covered%20with%20European%20Chocolate%20-%203.4%20oz%20boxes,https://www.ebay.com/sch/i.html?_nkw=Choco%20Wafers%20Milk%20Chocolate%20MZF22%20Cookies%20(12%20boxes)%20by%20Bahlsen-%20Wafers%20covered%20with%20European%20Chocolate%20-%203.4%20oz%20boxes,https://www.google.com/search?q=Choco%20Wafers%20Milk%20Chocolate%20MZF22%20Cookies%20(12%20boxes)%20by%20Bahlsen-%20Wafers%20covered%20with%20European%20Chocolate%20-%203.4%20oz%20boxes,https://seller.walmart.com/catalog/add-items?search=16543168955,N/A,no,no,no,1,0,1,12,Mohammad Zohair,mfn,$69.67,12,$69.67,$69.67,69.67,56.76,2.46,3.53 %,4.33 %,66.70,47.38,1,,N/A,$10.45,$0.00,0,$10.45,15.00%,$0.00,1,$0.00,$0.30 /lb,$0.00,$0.00,$0.00,$0.00,$0.00,0,$0.00,,0,"For better accuracy, we’ve used dimensions from  to provide more precise estimates,3 or less sellers","0.00, 0.00, 0.00 in, 0.00 lbs",0.00,0.00,0.00,0.00,N/A,Computer
"05/17/2025, 03:26 AM PDT","05/17/2025, 06:26 AM EDT","05/17/2025, 05:26 AM CDT","05/17/2025, 03:26 AM PDT",Bahlsen Contessa  Gingerbread Cookies 7Oz Box (1-Pack),11548471228,0,N/A,N/A,Bahlsen,Grocery,Cookies,N/A,N/A,N/A,https://i5.walmartimages.com/seo/Bahlsen-CONTESSA-gingerbread-cookies-200g-1-box_a92ec73b-f0e0-4d66-bced-111e8625b1ea.8aee1f7be148a05b73590fac0da37008.jpeg,,N/A,https://www.walmart.com/ip/11548471228,5.92,https://www.amazon.com/dp/undefined,https://www.amazon.com/s?k=Bahlsen%20Contessa%20%20Gingerbread%20Cookies%207Oz%20Box%20(1-Pack),https://www.ebay.com/sch/i.html?_nkw=Bahlsen%20Contessa%20%20Gingerbread%20Cookies%207Oz%20Box%20(1-Pack),https://www.google.com/search?q=Bahlsen%20Contessa%20%20Gingerbread%20Cookies%207Oz%20Box%20(1-Pack),https://seller.walmart.com/catalog/add-items?search=11548471228,N/A,no,no,no,0,0,0,0,N/A,N/A,0,,,Price,12.99,5.92,6.03,46.43 %,101.87 %,7.45,9.56,1,,N/A,$1.04,$0.00,0,$1.04,8.00%,$0.00,1,$0.00,$0.30 /lb,$0.00,$0.00,$0.00,$0.00,$0.00,0,$0.00,,0,"For better accuracy, we’ve used dimensions from  to provide more precise estimates,3 or less sellers","0.00, 0.00, 0.00 in, 0.00 lbs",0.00,0.00,0.00,0.00,N/A,Computer
"05/17/2025, 03:27 AM PDT","05/17/2025, 06:27 AM EDT","05/17/2025, 05:27 AM CDT","05/17/2025, 03:27 AM PDT","Bahlsen Pastry Twist Delice, 3.5 Oz",37776674,70569265202,N/A,N/A,Bahlsen,Grocery,Pretzels,N/A,N/A,0775908,https://i5.walmartimages.com/seo/Bahlsen-Pastry-Twist-Delice-3-5-Oz_3e36bef1-3370-4fd6-a2bf-23a534b36af0.4e1de48dc83ee931d7c81094b52dcecd.jpeg,,N/A,https://www.walmart.com/ip/37776674,3.93,https://www.amazon.com/dp/B000FBO9LK,https://www.amazon.com/s?k=Bahlsen%20Pastry%20Twist%20Delice%2C%203.5%20Oz,https://www.ebay.com/sch/i.html?_nkw=Bahlsen%20Pastry%20Twist%20Delice%2C%203.5%20Oz,https://www.google.com/search?q=Bahlsen%20Pastry%20Twist%20Delice%2C%203.5%20Oz,https://seller.walmart.com/catalog/add-items?search=37776674,N/A,no,no,no,0,0,0,0,N/A,N/A,0,,,Price,25.24,3.93,9.45,37.42 %,240.34 %,12.95,10.70,1,$29.94,N/A,$11.86,$6.55,0,$3.79,15.00%,$0.30,1,$1.23,$0.30 /lb,$1.23,$0.00,$0.00,$0.00,$0.00,0,$0.00,5,1,"Pulling package information from B000FBO9LK via amazon.com,3 or less sellers","10.43, 10.04, 6.57 in, 4.10 lbs",10.43,10.04,6.57,4.10,N/A,Computer
"05/17/2025, 03:32 AM PDT","05/17/2025, 06:32 AM EDT","05/17/2025, 05:32 AM CDT","05/17/2025, 03:32 AM PDT",Bahlsen Cookies Butter and Milk Chocolate 4.4 oz,10321325,70569290402,N/A,N/A,Bahlsen,Grocery,Cookies,N/A,N/A,0327833,https://i5.walmartimages.com/seo/Bahlsen-Cookies-Butter-and-Milk-Chocolate-4-4-oz_1bf58bdd-688e-45f2-bc13-37c768d8fcc8.31e774d8a8b4640e7566303bc11b884a.jpeg,,N/A,https://www.walmart.com/ip/10321325,4.36,https://www.amazon.com/dp/B005PM5XS2,https://www.amazon.com/s?k=Bahlsen%20Cookies%20Butter%20and%20Milk%20Chocolate%204.4%20oz,https://www.ebay.com/sch/i.html?_nkw=Bahlsen%20Cookies%20Butter%20and%20Milk%20Chocolate%204.4%20oz,https://www.google.com/search?q=Bahlsen%20Cookies%20Butter%20and%20Milk%20Chocolate%204.4%20oz,https://seller.walmart.com/catalog/add-items?search=10321325,N/A,no,no,no,3,2,1,14,Snap to Get,wfs,$11.20,1,$11.20,$11.20,11.2,4.36,2.39,21.33 %,54.80 %,9.60,5.40,1,$60.25,N/A,$4.45,$3.45,0,$0.90,8.00%,$0.01,1,$0.09,$0.30 /lb,$0.09,$0.00,$0.00,$0.00,$0.00,0,$0.00,4.8,51,"Pulling package information from B005PM5XS2 via amazon.com,User edited dimensions/weight,3 or less sellers","8.98, 2.68, 1.14 in, 0.31 lbs",8.98,2.68,1.14,0.31,N/A,Computer
"05/17/2025, 03:33 AM PDT","05/17/2025, 06:33 AM EDT","05/17/2025, 05:33 AM CDT","05/17/2025, 03:33 AM PDT","Bahlsen Leibniz Cookies, 7 Oz.",15723953,70569102200,N/A,N/A,Bahlsen,Grocery,Cookies,N/A,N/A,88221,https://i5.walmartimages.com/seo/Bahlsen-Leibniz-Cookies-7-Oz_0fe0dbe0-d6c4-4528-955e-c31dbef02023.84c4333b9e17b13d93e89acbd41273f5.jpeg,,N/A,https://www.walmart.com/ip/15723953,3.92,https://www.amazon.com/dp/B0083LU1QG,https://www.amazon.com/s?k=Bahlsen%20Leibniz%20Cookies%2C%207%20Oz.,https://www.ebay.com/sch/i.html?_nkw=Bahlsen%20Leibniz%20Cookies%2C%207%20Oz.,https://www.google.com/search?q=Bahlsen%20Leibniz%20Cookies%2C%207%20Oz.,https://seller.walmart.com/catalog/add-items?search=15723953,N/A,no,no,no,1,0,1,46,Online Grocery Outlet,mfn,$8.45,46,$8.45,$8.45,8.45,3.92,2.85,33.78 %,72.81 %,5.25,5.42,1,OOS,N/A,$1.68,$0.00,0,$0.68,8.00%,$0.00,1,$1.00,$0.30 /lb,$0.00,$0.00,$0.00,$0.00,$0.00,0,$0.00,5,1,"For better accuracy, we’ve used dimensions from  to provide more precise estimates,3 or less sellers","0.00, 0.00, 0.00 in, 0.00 lbs",0.00,0.00,0.00,0.00,N/A,Computer
"05/17/2025, 03:35 AM PDT","05/17/2025, 06:35 AM EDT","05/17/2025, 05:35 AM CDT","05/17/2025, 03:35 AM PDT","Pack of 12, Bahlsen Ohne Gleichen Milk Chocolate Praline Wafers, 4.4 oz",15705115984,461037281808,N/A,N/A,Bahlsen,Grocery,Cookies,N/A,N/A,N/A,https://i5.walmartimages.com/seo/Pack-of-12-Bahlsen-Ohne-Gleichen-Milk-Chocolate-Praline-Wafers-4-4-oz_1800d236-9692-408c-aed0-cd2a9ccb91f1.7790d7c284d62a45340abfc6f63e1ee7.jpeg,,N/A,https://www.walmart.com/ip/15705115984,53.52,N/A,https://www.amazon.com/s?k=Pack%20of%2012%2C%20Bahlsen%20Ohne%20Gleichen%20Milk%20Chocolate%20Praline%20Wafers%2C%204.4%20oz,https://www.ebay.com/sch/i.html?_nkw=Pack%20of%2012%2C%20Bahlsen%20Ohne%20Gleichen%20Milk%20Chocolate%20Praline%20Wafers%2C%204.4%20oz,https://www.google.com/search?q=Pack%20of%2012%2C%20Bahlsen%20Ohne%20Gleichen%20Milk%20Chocolate%20Praline%20Wafers%2C%204.4%20oz,https://seller.walmart.com/catalog/add-items?search=15705115984,N/A,no,no,no,1,0,1,64,shopGourmet.com,mfn,$68.21,64,$68.21,$68.21,68.21,53.52,4.46,6.54 %,8.33 %,62.85,46.38,1,NA,N/A,$10.23,$0.00,0,$10.23,15.00%,$0.00,1,$0.00,$0.30 /lb,$0.00,$0.00,$0.00,$0.00,$0.00,0,$0.00,,0,"For better accuracy, we’ve used dimensions from  to provide more precise estimates,3 or less sellers","0.00, 0.00, 0.00 in, 0.00 lbs",0.00,0.00,0.00,0.00,N/A,Computer
"05/17/2025, 03:38 AM PDT","05/17/2025, 06:38 AM EDT","05/17/2025, 05:38 AM CDT","05/17/2025, 03:38 AM PDT","Great Spirits Baking Co. Baileys Irish Cream Loaf Cake, 10 oz.",420122480,854621004448,Irish cream,4,Baileys,Grocery,Cakes,N/A,N/A,Baileys,https://i5.walmartimages.com/seo/Great-Spirits-Baking-Co-Baileys-Irish-Cream-Loaf-Cake-10-oz_7213450b-09a4-4493-9143-87d6812d9ab5.ddbb268f2e44b2f4bf270e358431c45d.png,,N/A,https://www.walmart.com/ip/420122480,7.25,https://www.amazon.com/dp/B08SMNM3QY,https://www.amazon.com/s?k=Great%20Spirits%20Baking%20Co.%20Baileys%20Irish%20Cream%20Loaf%20Cake%2C%2010%20oz.,https://www.ebay.com/sch/i.html?_nkw=Great%20Spirits%20Baking%20Co.%20Baileys%20Irish%20Cream%20Loaf%20Cake%2C%2010%20oz.,https://www.google.com/search?q=Great%20Spirits%20Baking%20Co.%20Baileys%20Irish%20Cream%20Loaf%20Cake%2C%2010%20oz.,https://seller.walmart.com/catalog/add-items?search=420122480,N/A,yes,no,no,2,0,2,27,Truss Way Retail,mfn,$25.10,7,$25.10,$25.20,25.1,7.25,8.86,35.32 %,122.27 %,13.45,12.89,1,$14.99,50+ units sold this month on Amazon,$8.99,$4.95,0,$3.77,15.00%,$0.04,1,$0.23,$0.30 /lb,$0.23,$0.00,$0.00,$0.00,$0.00,0,$0.00,2.7,126,"The listing has 4 variations,Pulling package information from B08SMNM3QY via amazon.com,3 or less sellers","8.31, 4.17, 2.64 in, 0.77 lbs",8.31,4.17,2.64,0.77,N/A,Computer
"05/17/2025, 03:39 AM PDT","05/17/2025, 06:39 AM EDT","05/17/2025, 05:39 AM CDT","05/17/2025, 03:39 AM PDT",Cookie Bag Combo Nut-Free - 6 Bags,8545115747,850024449176,N/A,N/A,Baked Cravings,Grocery,Cookies,N/A,N/A,N/A,https://i5.walmartimages.com/seo/Cookie-Bag-Combo-6-bags_a67a433f-6109-42a5-aff6-802decf5f3e4.1632242181936c45245f316179727579.png,,N/A,https://www.walmart.com/ip/8545115747,28.74,https://www.amazon.com/dp/B0BG131MXK,https://www.amazon.com/s?k=Cookie%20Bag%20Combo%20Nut-Free%20-%206%20Bags,https://www.ebay.com/sch/i.html?_nkw=Cookie%20Bag%20Combo%20Nut-Free%20-%206%20Bags,https://www.google.com/search?q=Cookie%20Bag%20Combo%20Nut-Free%20-%206%20Bags,https://seller.walmart.com/catalog/add-items?search=8545115747,N/A,no,no,no,1,0,1,1000,Baked Cravings,mfn,$43.50,1000,$43.50,$43.50,43.5,28.74,4.61,10.61 %,16.06 %,38.00,26.68,1,$8.99,N/A,$10.15,$3.45,0,$6.53,15.00%,$0.06,1,$0.11,$0.30 /lb,$0.11,$0.00,$0.00,$0.00,$0.00,0,$0.00,,0,"Pulling package information from B0BG131MXK via amazon.com,3 or less sellers","7.60, 6.54, 2.76 in, 0.37 lbs",7.60,6.54,2.76,0.37,N/A,Computer
"05/17/2025, 03:49 AM PDT","05/17/2025, 06:49 AM EDT","05/17/2025, 05:49 AM CDT","05/17/2025, 03:49 AM PDT",Baked In Brooklyn Sour Cream and Onion Pita Chips Baked Never Fried 6 Ounce Bag,15937471902,74203996170,N/A,N/A,Baked in Brooklyn,Grocery,Snack Chips,Aladdin Bakers,N/A,N/A,https://i5.walmartimages.com/seo/Baked-In-Brooklyn-Sour-Cream-and-Onion-Pita-Chips-Baked-Never-Fried-6-Ounce-Bag_86ae34c5-4139-4c1c-8023-30085612be5f.819d3c7dc88a1701a7316c2eac5139f3.png,,N/A,https://www.walmart.com/ip/15937471902,2.29,N/A,https://www.amazon.com/s?k=Baked%20In%20Brooklyn%20Sour%20Cream%20and%20Onion%20Pita%20Chips%20Baked%20Never%20Fried%206%20Ounce%20Bag,https://www.ebay.com/sch/i.html?_nkw=Baked%20In%20Brooklyn%20Sour%20Cream%20and%20Onion%20Pita%20Chips%20Baked%20Never%20Fried%206%20Ounce%20Bag,https://www.google.com/search?q=Baked%20In%20Brooklyn%20Sour%20Cream%20and%20Onion%20Pita%20Chips%20Baked%20Never%20Fried%206%20Ounce%20Bag,https://seller.walmart.com/catalog/add-items?search=15937471902,N/A,no,no,no,1,0,1,10,Pops Trading Co Since 1998,mfn,$12.99,10,$12.99,$12.99,12.99,2.29,6,46.22 %,262.20 %,7.45,6.64,1,NA,N/A,$4.70,$3.45,0,$1.04,8.00%,$0.08,1,$0.13,$0.30 /lb,$0.13,$0.00,$0.00,$0.00,$0.00,0,$0.00,,0,"For better accuracy, we’ve used dimensions from B0CCXCL2CG to provide more precise estimates,3 or less sellers","8.74, 6.26, 3.39 in, 0.42 lbs",8.74,6.26,3.39,0.42,N/A,Computer
"05/17/2025, 03:49 AM PDT","05/17/2025, 06:49 AM EDT","05/17/2025, 05:49 AM CDT","05/17/2025, 03:49 AM PDT","Baked in Brooklyn, No Trans Fat, No MSG, Honey Mustard Bread Stick Snacks 6oz",319099318,74203676072,N/A,N/A,Baked in Brooklyn,Grocery,Breadsticks,N/A,N/A,N/A,https://i5.walmartimages.com/seo/Baked-in-Brooklyn-No-Trans-Fat-No-MSG-Honey-Mustard-Bread-Stick-Snacks-6oz_fabc76f4-35de-4ad0-ae53-6b23c4bae081.5506cff9443f372582c3bd06297afd8f.jpeg,,N/A,https://www.walmart.com/ip/319099318,1.99,N/A,https://www.amazon.com/s?k=Baked%20in%20Brooklyn%2C%20No%20Trans%20Fat%2C%20No%20MSG%2C%20Honey%20Mustard%20Bread%20Stick%20Snacks%206oz,https://www.ebay.com/sch/i.html?_nkw=Baked%20in%20Brooklyn%2C%20No%20Trans%20Fat%2C%20No%20MSG%2C%20Honey%20Mustard%20Bread%20Stick%20Snacks%206oz,https://www.google.com/search?q=Baked%20in%20Brooklyn%2C%20No%20Trans%20Fat%2C%20No%20MSG%2C%20Honey%20Mustard%20Bread%20Stick%20Snacks%206oz,https://seller.walmart.com/catalog/add-items?search=319099318,N/A,no,no,no,1,0,1,10,Pops Trading Co Since 1998,mfn,$10.99,10,$10.99,$10.99,10.99,1.99,4.47,40.64 %,224.44 %,7.15,5.17,1,NA,N/A,$4.53,$3.45,0,$0.88,8.00%,$0.08,1,$0.12,$0.30 /lb,$0.12,$0.00,$0.00,$0.00,$0.00,0,$0.00,4.3,4,"For better accuracy, we’ve used dimensions from B00LY3TE5O to provide more precise estimates,3 or less sellers","10.67, 6.61, 2.76 in, 0.40 lbs",10.67,6.61,2.76,0.40,N/A,Computer
"05/17/2025, 03:51 AM PDT","05/17/2025, 06:51 AM EDT","05/17/2025, 05:51 AM CDT","05/17/2025, 03:51 AM PDT",Baked In Brooklyn Chile Pepper With Sesame Seeds BreadSticks 6 Ounce Bag,3030629859,74203676065,N/A,N/A,Aladdin Bakers,Grocery,Breadsticks,N/A,N/A,N/A,https://i5.walmartimages.com/seo/Baked-In-Brooklyn-Chile-Pepper-With-Sesame-Seeds-BreadSticks-6-Ounce-Bag_862e389c-fe9b-4b17-b03d-fd0a8051905c.46e9d840be02fa226e99077d41184c3a.png,,N/A,https://www.walmart.com/ip/3030629859,1.99,https://www.amazon.com/dp/B0B4PRVQ9V,https://www.amazon.com/s?k=Baked%20In%20Brooklyn%20Chile%20Pepper%20With%20Sesame%20Seeds%20BreadSticks%206%20Ounce%20Bag,https://www.ebay.com/sch/i.html?_nkw=Baked%20In%20Brooklyn%20Chile%20Pepper%20With%20Sesame%20Seeds%20BreadSticks%206%20Ounce%20Bag,https://www.google.com/search?q=Baked%20In%20Brooklyn%20Chile%20Pepper%20With%20Sesame%20Seeds%20BreadSticks%206%20Ounce%20Bag,https://seller.walmart.com/catalog/add-items?search=3030629859,N/A,no,no,no,1,0,1,10,Pops Trading Co Since 1998,mfn,$11.99,10,$11.99,$11.99,11.99,1.99,9.04,75.40 %,454.31 %,3.15,8.82,1,$34.95,N/A,$0.96,$0.00,0,$0.96,8.00%,$0.00,1,$0.00,$0.30 /lb,$0.00,$0.00,$0.00,$0.00,$0.00,0,$0.00,,0,"For better accuracy, we’ve used dimensions from  to provide more precise estimates,3 or less sellers","0.00, 0.00, 0.00 in, 0.00 lbs",0.00,0.00,0.00,0.00,N/A,Computer
"05/17/2025, 03:52 AM PDT","05/17/2025, 06:52 AM EDT","05/17/2025, 05:52 AM CDT","05/17/2025, 03:52 AM PDT","Baked in Brooklyn, No Trans Fat, No Cholesterol Sesame Seed Stick Snacks 6oz",645329758,74203676034,N/A,N/A,Baked in Brooklyn,Grocery,Snack Chips,Aladdin Bakers,N/A,N/A,https://i5.walmartimages.com/seo/Baked-in-Brooklyn-No-Trans-Fat-No-Cholesterol-Sesame-Seed-Stick-Snacks-6oz_73bfbdc0-d5b1-429a-b9f2-d34afb1f4443.f0425dfb36c1cd424afb9c8a2fe549e1.jpeg,,N/A,https://www.walmart.com/ip/645329758,1.99,N/A,https://www.amazon.com/s?k=Baked%20in%20Brooklyn%2C%20No%20Trans%20Fat%2C%20No%20Cholesterol%20Sesame%20Seed%20Stick%20Snacks%206oz,https://www.ebay.com/sch/i.html?_nkw=Baked%20in%20Brooklyn%2C%20No%20Trans%20Fat%2C%20No%20Cholesterol%20Sesame%20Seed%20Stick%20Snacks%206oz,https://www.google.com/search?q=Baked%20in%20Brooklyn%2C%20No%20Trans%20Fat%2C%20No%20Cholesterol%20Sesame%20Seed%20Stick%20Snacks%206oz,https://seller.walmart.com/catalog/add-items?search=645329758,N/A,no,no,no,1,1,0,56,Pops Trading Co Since 1998,wfs,$11.19,56,$11.19,$11.19,11.19,1.99,8.3,74.22 %,417.33 %,3.15,8.24,1,NA,N/A,$0.90,$0.00,0,$0.90,8.00%,$0.00,1,$0.00,$0.30 /lb,$0.00,$0.00,$0.00,$0.00,$0.00,0,$0.00,4,9,"For better accuracy, we’ve used dimensions from  to provide more precise estimates,3 or less sellers","0.00, 0.00, 0.00 in, 0.00 lbs",0.00,0.00,0.00,0.00,N/A,Computer
"05/17/2025, 03:52 AM PDT","05/17/2025, 06:52 AM EDT","05/17/2025, 05:52 AM CDT","05/17/2025, 03:52 AM PDT",BAKED IN BROOKLYN Wheat with Sesame Seeds Breadsticks Whole Wheat 6 oz,1744805123,74203676041,N/A,N/A,Aladdin Bakers,Grocery,Breadsticks,N/A,N/A,N/A,https://i5.walmartimages.com/seo/BAKED-IN-BROOKLYN-Wheat-with-Sesame-Seeds-Breadsticks-Whole-Wheat-6-oz_4526470f-34d5-4467-9f7e-64103c725672.755fe71d64fe6f4762bc0f0a323a48ca.png,,N/A,https://www.walmart.com/ip/1744805123,1.99,N/A,https://www.amazon.com/s?k=BAKED%20IN%20BROOKLYN%20Wheat%20with%20Sesame%20Seeds%20Breadsticks%20Whole%20Wheat%206%20oz,https://www.ebay.com/sch/i.html?_nkw=BAKED%20IN%20BROOKLYN%20Wheat%20with%20Sesame%20Seeds%20Breadsticks%20Whole%20Wheat%206%20oz,https://www.google.com/search?q=BAKED%20IN%20BROOKLYN%20Wheat%20with%20Sesame%20Seeds%20Breadsticks%20Whole%20Wheat%206%20oz,https://seller.walmart.com/catalog/add-items?search=1744805123,N/A,no,no,no,1,0,1,10,Pops Trading Co Since 1998,mfn,$11.99,10,$11.99,$11.99,11.99,1.99,9.04,75.40 %,454.31 %,3.15,8.82,1,NA,N/A,$0.96,$0.00,0,$0.96,8.00%,$0.00,1,$0.00,$0.30 /lb,$0.00,$0.00,$0.00,$0.00,$0.00,0,$0.00,,0,"For better accuracy, we’ve used dimensions from  to provide more precise estimates,3 or less sellers","0.00, 0.00, 0.00 in, 0.00 lbs",0.00,0.00,0.00,0.00,N/A,Computer
"05/17/2025, 03:54 AM PDT","05/17/2025, 06:54 AM EDT","05/17/2025, 05:54 AM CDT","05/17/2025, 03:54 AM PDT","Bakery Bling Dinosaur Designer Cookie Kit, 8 count, Nut Free, Dairy Free",264650772,852716007855,N/A,N/A,Bakery Bling,Grocery,Cookies,N/A,N/A,N/A,https://i5.walmartimages.com/seo/Bakery-Bling-Dinosaur-Designer-Cookie-Kit-8-count-Nut-Free-Dairy-Free_fa86a4dc-824a-4f69-b8a2-066b8f8c8a0f.2a4c76d98c1c6ff2512f3b248325139e.jpeg,,N/A,https://www.walmart.com/ip/264650772,9.6,https://www.amazon.com/dp/B08YRVJ3X1,https://www.amazon.com/s?k=Bakery%20Bling%20Dinosaur%20Designer%20Cookie%20Kit%2C%208%20count%2C%20Nut%20Free%2C%20Dairy%20Free,https://www.ebay.com/sch/i.html?_nkw=Bakery%20Bling%20Dinosaur%20Designer%20Cookie%20Kit%2C%208%20count%2C%20Nut%20Free%2C%20Dairy%20Free,https://www.google.com/search?q=Bakery%20Bling%20Dinosaur%20Designer%20Cookie%20Kit%2C%208%20count%2C%20Nut%20Free%2C%20Dairy%20Free,https://seller.walmart.com/catalog/add-items?search=264650772,N/A,no,no,no,1,0,1,53,Bakery Bling™,mfn,$26.99,53,$26.99,$26.99,26.99,9.6,7,25.92 %,72.87 %,18.65,13.28,1,OOS,N/A,$10.39,$5.75,0,$4.05,15.00%,$0.18,1,$0.42,$0.30 /lb,$0.42,$0.00,$0.00,$0.00,$0.00,0,$0.00,,0,"Pulling package information from B08YRVJ3X1 via amazon.com,3 or less sellers","12.44, 10.24, 3.23 in, 1.39 lbs",12.44,10.24,3.23,1.39,N/A,Computer
"05/17/2025, 03:56 AM PDT","05/17/2025, 06:56 AM EDT","05/17/2025, 05:56 AM CDT","05/17/2025, 03:56 AM PDT","Unicorn Designer Cookie Decorating Kit by Bakery Bling | 8 Pre-Baked Vanilla Sugar Cookies with Royal Icing, Glittery Sugar™, and Edible Decorations | Fun DIY Activity for Kids, Parties, and Gifts",297518975,852716007824,N/A,N/A,Bakery Bling,Grocery,Dessert Sprinkles & Decorations,N/A,N/A,N/A,https://i5.walmartimages.com/seo/Unicorn-Designer-Cookie-Decorating-Kit-Bakery-Bling-8-Pre-Baked-Vanilla-Sugar-Cookies-Royal-Icing-Glittery-Sugar-Edible-Decorations-Fun-DIY-Activity_339227a6-a025-432e-938c-c1cf56fcd5e4.f8ef1436fab7f3d0eca771b866a57c06.jpeg,,N/A,https://www.walmart.com/ip/297518975,9.6,https://www.amazon.com/dp/B07K3TH775,https://www.amazon.com/s?k=Unicorn%20Designer%20Cookie%20Decorating%20Kit%20by%20Bakery%20Bling%20%7C%208%20Pre-Baked%20Vanilla%20Sugar%20Cookies%20with%20Royal%20Icing%2C%20Glittery%20Sugar%E2%84%A2%2C%20and%20Edible%20Decorations%20%7C%20Fun%20DIY%20Activity%20for%20Kids%2C%20Parties%2C%20and%20Gifts,https://www.ebay.com/sch/i.html?_nkw=Unicorn%20Designer%20Cookie%20Decorating%20Kit%20by%20Bakery%20Bling%20%7C%208%20Pre-Baked%20Vanilla%20Sugar%20Cookies%20with%20Royal%20Icing%2C%20Glittery%20Sugar%E2%84%A2%2C%20and%20Edible%20Decorations%20%7C%20Fun%20DIY%20Activity%20for%20Kids%2C%20Parties%2C%20and%20Gifts,https://www.google.com/search?q=Unicorn%20Designer%20Cookie%20Decorating%20Kit%20by%20Bakery%20Bling%20%7C%208%20Pre-Baked%20Vanilla%20Sugar%20Cookies%20with%20Royal%20Icing%2C%20Glittery%20Sugar%E2%84%A2%2C%20and%20Edible%20Decorations%20%7C%20Fun%20DIY%20Activity%20for%20Kids%2C%20Parties%2C%20and%20Gifts,https://seller.walmart.com/catalog/add-items?search=297518975,N/A,no,no,no,1,0,1,400,Bakery Bling™,mfn,$26.99,400,$26.99,$26.99,26.99,9.6,7.35,27.22 %,76.52 %,18.25,13.56,1,OOS,N/A,$10.04,$5.45,0,$4.05,15.00%,$0.16,1,$0.38,$0.30 /lb,$0.38,$0.00,$0.00,$0.00,$0.00,0,$0.00,,0,"Pulling package information from B07K3TH775 via amazon.com,3 or less sellers","12.56, 10.16, 2.91 in, 1.28 lbs",12.56,10.16,2.91,1.28,N/A,Computer
"05/17/2025, 03:57 AM PDT","05/17/2025, 06:57 AM EDT","05/17/2025, 05:57 AM CDT","05/17/2025, 03:57 AM PDT",efrutti Gummi Candy Bakery Shoppe Theme Bag 2.7 oz.,171938125,813805000096,N/A,N/A,efrutti,Grocery,Gummy Candy,N/A,N/A,N/A,https://i5.walmartimages.com/seo/efrutti-Gummi-Candy-Bakery-Shoppe-Theme-Bag-2-7-oz_dae2b2fe-7afc-40f8-820d-67a1b452c4e5.047c16eee5b7e9d101bab2cb4aa36e45.jpeg,,N/A,https://www.walmart.com/ip/171938125,1.81,https://www.amazon.com/dp/B07NWRY8Y2,https://www.amazon.com/s?k=efrutti%20Gummi%20Candy%20Bakery%20Shoppe%20Theme%20Bag%202.7%20oz.,https://www.ebay.com/sch/i.html?_nkw=efrutti%20Gummi%20Candy%20Bakery%20Shoppe%20Theme%20Bag%202.7%20oz.,https://www.google.com/search?q=efrutti%20Gummi%20Candy%20Bakery%20Shoppe%20Theme%20Bag%202.7%20oz.,https://seller.walmart.com/catalog/add-items?search=171938125,N/A,no,no,no,1,0,1,6,Triplenet Pricing,mfn,$11.10,6,$11.10,$11.10,11.1,1.81,8.4,75.69 %,464.20 %,2.95,8.17,1,OOS,N/A,$0.89,$0.00,0,$0.89,8.00%,$0.00,1,$0.00,$0.30 /lb,$0.00,$0.00,$0.00,$0.00,$0.00,0,$0.00,,0,"For better accuracy, we’ve used dimensions from  to provide more precise estimates,3 or less sellers","0.00, 0.00, 0.00 in, 0.00 lbs",0.00,0.00,0.00,0.00,N/A,Computer
"05/17/2025, 03:58 AM PDT","05/17/2025, 06:58 AM EDT","05/17/2025, 05:58 AM CDT","05/17/2025, 03:58 AM PDT",Balconi Tiramisu Cake,440555645,897585000293,N/A,N/A,Balconi,Grocery,Cakes,N/A,N/A,897585000293,https://i5.walmartimages.com/seo/Balconi-Tiramisu-Cake_1c9bc0ec-f9ec-40ec-b8dc-9ce3cf9b7506.f25814ffcf80c0eb74e96757009946e4.jpeg,,N/A,https://www.walmart.com/ip/440555645,5.64,https://www.amazon.com/dp/B00F64AI02,https://www.amazon.com/s?k=Balconi%20Tiramisu%20Cake,https://www.ebay.com/sch/i.html?_nkw=Balconi%20Tiramisu%20Cake,https://www.google.com/search?q=Balconi%20Tiramisu%20Cake,https://seller.walmart.com/catalog/add-items?search=440555645,N/A,yes,no,no,1,0,1,19,Wisetargo inc,mfn,$13.99,19,$13.99,$13.99,13.99,5.64,1.93,13.82 %,34.28 %,11.80,6.06,1,$8.00,50+ units sold this month on Amazon,$6.42,$4.95,0,$1.12,8.00%,$0.06,1,$0.28,$0.30 /lb,$0.28,$0.00,$0.00,$0.00,$0.00,0,$0.00,2,1,"Pulling package information from B00F64AI02 via amazon.com,3 or less sellers","8.15, 7.13, 2.48 in, 0.95 lbs",8.15,7.13,2.48,0.95,N/A,Computer
"05/17/2025, 04:19 AM PDT","05/17/2025, 07:19 AM EDT","05/17/2025, 06:19 AM CDT","05/17/2025, 04:19 AM PDT",Bali's Best Espresso Candy,36484637,819529007311,N/A,N/A,Bali's Best,Grocery,Chocolate Candy,N/A,N/A,TH1-7IW-RHT,https://i5.walmartimages.com/seo/Bali-s-Best-Espresso-Candy_d67a5d85-577f-4477-8875-d6c6c89b1085.6ffa830c23f6324a3047b1c324dac288.jpeg,,N/A,https://www.walmart.com/ip/36484637,2.15,https://www.amazon.com/dp/B002NMWMAY,https://www.amazon.com/s?k=Bali's%20Best%20Espresso%20Candy,https://www.ebay.com/sch/i.html?_nkw=Bali's%20Best%20Espresso%20Candy,https://www.google.com/search?q=Bali's%20Best%20Espresso%20Candy,https://seller.walmart.com/catalog/add-items?search=36484637,N/A,no,no,no,1,0,1,23,"T.A.O SUPPLY, INC",mfn,$12.00,23,$12.00,$12.00,12,2.15,5.28,44.02 %,245.68 %,7.25,5.95,1,$7.27,N/A,$4.57,$3.45,0,$0.96,8.00%,$0.04,1,$0.12,$0.30 /lb,$0.12,$0.00,$0.00,$0.00,$0.00,0,$0.00,5,2,"Pulling package information from B002NMWMAY via amazon.com,3 or less sellers","8.54, 5.20, 1.97 in, 0.40 lbs",8.54,5.20,1.97,0.40,N/A,Computer
"05/17/2025, 04:20 AM PDT","05/17/2025, 07:20 AM EDT","05/17/2025, 06:20 AM CDT","05/17/2025, 04:20 AM PDT","Bali's Best Coffee Candy, 5.3 oz",36830235,819529007304,N/A,N/A,Bali's Best,Grocery,Hard Candy,N/A,N/A,00219606,https://i5.walmartimages.com/seo/Bali-s-Best-Coffee-Candy-5-3-oz_b759d517-4543-4792-b967-2afabbd46fb0.ed341df6b08f79e465ada70e4754cbe9.jpeg,,N/A,https://www.walmart.com/ip/36830235,2.15,https://www.amazon.com/dp/B00G55IHHW,https://www.amazon.com/s?k=Bali's%20Best%20Coffee%20Candy%2C%205.3%20oz,https://www.ebay.com/sch/i.html?_nkw=Bali's%20Best%20Coffee%20Candy%2C%205.3%20oz,https://www.google.com/search?q=Bali's%20Best%20Coffee%20Candy%2C%205.3%20oz,https://seller.walmart.com/catalog/add-items?search=36830235,N/A,no,no,no,5,2,3,82,"Muchimart, inc",wfs,$9.44,20,$9.44,$9.98,9.44,2.15,1.97,20.84 %,91.49 %,7.20,3.29,1,$9.99,N/A,$5.32,$3.45,0,$0.76,8.00%,$0.01,1,$1.11,$0.30 /lb,$0.11,$0.00,$0.00,$0.00,$0.00,0,$0.00,4.9,8,Pulling package information from B00G55IHHW via amazon.com,"7.99, 5.51, 0.51 in, 0.36 lbs",7.99,5.51,0.51,0.36,N/A,Computer
"05/17/2025, 04:22 AM PDT","05/17/2025, 07:22 AM EDT","05/17/2025, 06:22 AM CDT","05/17/2025, 04:22 AM PDT",Bali'S Best Latte Candy 5.3-Ounce Bags,37704353,819529007373,N/A,N/A,Bali's Best,Grocery,Hard Candy,N/A,N/A,00219608,https://i5.walmartimages.com/seo/Bali-S-Best-Latte-Candy-5-3-Ounce-Bags_9df5ff7a-7102-40e0-bc28-a13dd7add71c_1.5e146b9f202d189603190c7f7c44ad5c.jpeg,,N/A,https://www.walmart.com/ip/37704353,2.15,https://www.amazon.com/dp/B0086XQWLO,https://www.amazon.com/s?k=Bali'S%20Best%20Latte%20Candy%205.3-Ounce%20Bags,https://www.ebay.com/sch/i.html?_nkw=Bali'S%20Best%20Latte%20Candy%205.3-Ounce%20Bags,https://www.google.com/search?q=Bali'S%20Best%20Latte%20Candy%205.3-Ounce%20Bags,https://seller.walmart.com/catalog/add-items?search=37704353,N/A,no,no,no,2,0,2,39,"T.A.O SUPPLY, INC",mfn,$9.95,22,$9.95,$9.98,9.95,2.15,0.71,7.12 %,32.96 %,9.10,2.29,1,OOS,N/A,$7.09,$4.95,0,$0.80,8.00%,$0.02,1,$1.33,$0.30 /lb,$0.33,$0.00,$0.00,$0.00,$0.00,0,$0.00,3,2,"Pulling package information from B0086XQWLO via amazon.com,3 or less sellers","7.09, 3.98, 1.26 in, 1.10 lbs",7.09,3.98,1.26,1.10,N/A,Computer
"05/17/2025, 04:24 AM PDT","05/17/2025, 07:24 AM EDT","05/17/2025, 06:24 AM CDT","05/17/2025, 04:24 AM PDT",Bali's Best - Ginger Chews Tropical Mango Flavor- Made With Real Ginger,5175534570,819529007946,N/A,N/A,Bali's Best,Grocery,Chewy Candy,N/A,N/A,N/A,https://i5.walmartimages.com/seo/Bali-s-Best-Ginger-Chews-Tropical-Mango-Flavor-Made-With-Real-Ginger_48c5dc26-be8a-457d-9bfb-4c111e0b70da.c313c5bd1d6ea7c9206bde6faa845261.jpeg,,N/A,https://www.walmart.com/ip/5175534570,2.39,https://www.amazon.com/dp/B0B2KYYQC7,https://www.amazon.com/s?k=Bali's%20Best%20-%20Ginger%20Chews%20Tropical%20Mango%20Flavor-%20Made%20With%20Real%20Ginger,https://www.ebay.com/sch/i.html?_nkw=Bali's%20Best%20-%20Ginger%20Chews%20Tropical%20Mango%20Flavor-%20Made%20With%20Real%20Ginger,https://www.google.com/search?q=Bali's%20Best%20-%20Ginger%20Chews%20Tropical%20Mango%20Flavor-%20Made%20With%20Real%20Ginger,https://seller.walmart.com/catalog/add-items?search=5175534570,N/A,yes,yes,no,0,0,0,0,N/A,N/A,0,,,Price,12.98,2.39,5.95,45.84 %,248.98 %,7.50,6.67,1,$3.18,N/A,$4.64,$3.45,0,$1.04,8.00%,$0.05,1,$0.10,$0.30 /lb,$0.10,$0.00,$0.00,$0.00,$0.00,0,$0.00,,0,"Pulling package information from B0B2KYYQC7 via amazon.com,3 or less sellers","8.46, 5.31, 2.36 in, 0.35 lbs",8.46,5.31,2.36,0.35,N/A,Computer
"05/17/2025, 04:26 AM PDT","05/17/2025, 07:26 AM EDT","05/17/2025, 06:26 AM CDT","05/17/2025, 04:26 AM PDT","With Love Chocolates Choc Aid Milk Chocolate, 10 ea",869542598,70875123456,N/A,N/A,Fox Valley Traders,Grocery,Chocolate Candy,N/A,N/A,N/A,https://i5.walmartimages.com/seo/With-Love-Chocolates-Choc-Aid-Milk-Chocolate-10-ea_4aa03af4-c591-4ab8-9bf5-315a7d49245f.226647a3ed1b37c4414b8ef7e6aa15d0.jpeg,,N/A,https://www.walmart.com/ip/869542598,3.91,https://www.amazon.com/dp/B001FA191I,https://www.amazon.com/s?k=With%20Love%20Chocolates%20Choc%20Aid%20Milk%20Chocolate%2C%2010%20ea,https://www.ebay.com/sch/i.html?_nkw=With%20Love%20Chocolates%20Choc%20Aid%20Milk%20Chocolate%2C%2010%20ea,https://www.google.com/search?q=With%20Love%20Chocolates%20Choc%20Aid%20Milk%20Chocolate%2C%2010%20ea,https://seller.walmart.com/catalog/add-items?search=869542598,N/A,no,no,no,1,0,1,5,Vat19,mfn,$17.52,5,$17.52,$17.52,17.52,3.91,2.88,16.44 %,73.65 %,12.95,5.43,1,OOS,N/A,$10.73,$6.55,0,$2.63,15.00%,$0.05,1,$1.50,$0.30 /lb,$1.50,$0.00,$0.00,$0.00,$0.00,0,$0.00,5,2,"Pulling package information from B001FA191I via amazon.com,3 or less sellers","5.98, 5.00, 4.02 in, 5.00 lbs",5.98,5.00,4.02,5.00,N/A,Computer
"05/17/2025, 04:30 AM PDT","05/17/2025, 07:30 AM EDT","05/17/2025, 06:30 AM CDT","05/17/2025, 04:30 AM PDT",BANZA GEMELLI CHKCP PSTA (6x8.00),597888850,857183005809,N/A,N/A,Banza,Grocery,Pasta,N/A,N/A,N/A,https://i5.walmartimages.com/seo/Banza-Chickpea-Pasta-Gemelli-8-oz_91685542-6b8a-4347-984f-ca6edfbc8368.1b134f1a12d0e87e3ac793aba64554d6.jpeg,,N/A,https://www.walmart.com/ip/597888850,3.37,https://www.amazon.com/dp/B0BLTFLFW1,https://www.amazon.com/s?k=BANZA%20GEMELLI%20CHKCP%20PSTA%20(6x8.00),https://www.ebay.com/sch/i.html?_nkw=BANZA%20GEMELLI%20CHKCP%20PSTA%20(6x8.00),https://www.google.com/search?q=BANZA%20GEMELLI%20CHKCP%20PSTA%20(6x8.00),https://seller.walmart.com/catalog/add-items?search=597888850,N/A,no,no,no,3,2,1,22,Deals Distribution 2024,wfs,$9.50,4,$9.08,$9.65,9.5,3.37,0.73,7.72 %,21.75 %,8.60,3.28,1,$6.00,700+ units sold this month on Amazon,$5.40,$3.45,0,$0.76,8.00%,$0.02,1,$1.17,$0.30 /lb,$0.17,$0.00,$0.00,$0.00,$0.00,0,$0.00,4.8,482,"Pulling package information from B0BLTFLFW1 via amazon.com,3 or less sellers","6.85, 4.80, 1.54 in, 0.55 lbs",6.85,4.80,1.54,0.55,N/A,Computer
"05/17/2025, 04:33 AM PDT","05/17/2025, 07:33 AM EDT","05/17/2025, 06:33 AM CDT","05/17/2025, 04:33 AM PDT",Banza Shells & Vegan Cheddar Mac & Cheese Made With Chickpea Pasta 5.5 oz,16281104244,100140129163,N/A,N/A,Banza,Grocery,Packaged Meals,N/A,N/A,N/A,https://i5.walmartimages.com/seo/Banza-Shells-Vegan-Cheddar-Mac-Cheese-Made-With-Chickpea-Pasta-5-5-oz_01fd094a-cc71-4df6-a1e0-9d1306e960e3.d0a2cd74bd76595b07b023409584d23f.png,,N/A,https://www.walmart.com/ip/16281104244,3.37,N/A,https://www.amazon.com/s?k=Banza%20Shells%20%26%20Vegan%20Cheddar%20Mac%20%26%20Cheese%20Made%20With%20Chickpea%20Pasta%205.5%20oz,https://www.ebay.com/sch/i.html?_nkw=Banza%20Shells%20%26%20Vegan%20Cheddar%20Mac%20%26%20Cheese%20Made%20With%20Chickpea%20Pasta%205.5%20oz,https://www.google.com/search?q=Banza%20Shells%20%26%20Vegan%20Cheddar%20Mac%20%26%20Cheese%20Made%20With%20Chickpea%20Pasta%205.5%20oz,https://seller.walmart.com/catalog/add-items?search=16281104244,N/A,no,no,no,0,0,0,0,N/A,N/A,0,,,Price,12.98,3.37,8.57,66.04 %,254.35 %,4.65,9.55,1,NA,N/A,$1.04,$0.00,0,$1.04,8.00%,$0.00,1,$0.00,$0.30 /lb,$0.00,$0.00,$0.00,$0.00,$0.00,0,$0.00,,0,"For better accuracy, we’ve used dimensions from  to provide more precise estimates,3 or less sellers","0.00, 0.00, 0.00 in, 0.00 lbs",0.00,0.00,0.00,0.00,N/A,Computer
"05/17/2025, 04:35 AM PDT","05/17/2025, 07:35 AM EDT","05/17/2025, 06:35 AM CDT","05/17/2025, 04:35 AM PDT","Banza Garlic Olive Oil Chickpea Rice, 7 OZ",15726920156,673276823699,N/A,N/A,Banza,Grocery,Packaged Meals,N/A,N/A,N/A,https://i5.walmartimages.com/seo/Banza-Garlic-Olive-Oil-Chickpea-Rice-7-OZ_f06b0977-ce47-46e1-9270-66dbe8fb1be0.f3778e1da88d2bae61568902b54286dc.jpeg,,N/A,https://www.walmart.com/ip/15726920156,3.37,N/A,https://www.amazon.com/s?k=Banza%20Garlic%20Olive%20Oil%20Chickpea%20Rice%2C%207%20OZ,https://www.ebay.com/sch/i.html?_nkw=Banza%20Garlic%20Olive%20Oil%20Chickpea%20Rice%2C%207%20OZ,https://www.google.com/search?q=Banza%20Garlic%20Olive%20Oil%20Chickpea%20Rice%2C%207%20OZ,https://seller.walmart.com/catalog/add-items?search=15726920156,N/A,no,no,no,3,0,3,9,Hawabii LLC,mfn,$16.49,6,$16.45,$16.89,16.49,3.37,7.06,42.82 %,209.52 %,8.55,8.34,1,NA,N/A,$6.06,$3.45,0,$2.47,15.00%,$0.02,1,$0.12,$0.30 /lb,$0.12,$0.00,$0.00,$0.00,$0.00,0,$0.00,,0,"For better accuracy, we’ve used dimensions from B09341M81G to provide more precise estimates,3 or less sellers","7.20, 3.46, 1.46 in, 0.40 lbs",7.20,3.46,1.46,0.40,N/A,Computer
"05/17/2025, 04:36 AM PDT","05/17/2025, 07:36 AM EDT","05/17/2025, 06:36 AM CDT","05/17/2025, 04:36 AM PDT","Banza Linguinue Pasta from Chickpeas - Gluten Free, High Protein, and Lower Carb Protein Noodles, 8oz",145134379,857183005366,Single,2,Banza,Grocery,Pasta,N/A,N/A,N/A,https://i5.walmartimages.com/seo/Banza-Linguinue-Pasta-from-Chickpeas-Gluten-Free-High-Protein-and-Lower-Carb-Protein-Noodles-8oz_1785c9ad-63ee-4dea-86b8-83102e9272c5.d1e178dfb8c5a666e56e98395ffed00f.png,,N/A,https://www.walmart.com/ip/145134379,3.37,https://www.amazon.com/dp/B079LT8HPX,https://www.amazon.com/s?k=Banza%20Linguinue%20Pasta%20from%20Chickpeas%20-%20Gluten%20Free%2C%20High%20Protein%2C%20and%20Lower%20Carb%20Protein%20Noodles%2C%208oz,https://www.ebay.com/sch/i.html?_nkw=Banza%20Linguinue%20Pasta%20from%20Chickpeas%20-%20Gluten%20Free%2C%20High%20Protein%2C%20and%20Lower%20Carb%20Protein%20Noodles%2C%208oz,https://www.google.com/search?q=Banza%20Linguinue%20Pasta%20from%20Chickpeas%20-%20Gluten%20Free%2C%20High%20Protein%2C%20and%20Lower%20Carb%20Protein%20Noodles%2C%208oz,https://seller.walmart.com/catalog/add-items?search=145134379,N/A,yes,yes,no,1,0,1,23,NEXTWAVE OCEAN LLC,mfn,$10.70,23,$10.70,$10.70,10.7,3.37,2.84,26.51 %,84.18 %,8.60,4.97,1,$10.44,600+ units sold this month on Amazon,$4.49,$3.45,0,$0.86,8.00%,$0.01,1,$0.17,$0.30 /lb,$0.17,$0.00,$0.00,$0.00,$0.00,0,$0.00,4.7,523,"The listing has 2 variations,Pulling package information from B079LT8HPX via amazon.com,3 or less sellers","10.94, 2.60, 1.06 in, 0.58 lbs",10.94,2.60,1.06,0.58,N/A,Computer
"05/17/2025, 04:39 AM PDT","05/17/2025, 07:39 AM EDT","05/17/2025, 06:39 AM CDT","05/17/2025, 04:39 AM PDT","Banza Wheels Pasta from Chickpeas - Gluten Free, High Protein, and Lower Carb Protein Noodles, 8oz",235180959,857183005397,N/A,N/A,Banza,Grocery,Pasta,N/A,N/A,0857183005397,https://i5.walmartimages.com/seo/Banza-Wheels-Pasta-from-Chickpeas-Gluten-Free-High-Protein-and-Lower-Carb-Protein-Noodles-8oz_553331a5-61d0-4160-81cd-e12f32f0191c.3f03a62cff0e4ecd71b8c28d3c165588.png,,N/A,https://www.walmart.com/ip/235180959,3.36,https://www.amazon.com/dp/B087N9NLYS,https://www.amazon.com/s?k=Banza%20Wheels%20Pasta%20from%20Chickpeas%20-%20Gluten%20Free%2C%20High%20Protein%2C%20and%20Lower%20Carb%20Protein%20Noodles%2C%208oz,https://www.ebay.com/sch/i.html?_nkw=Banza%20Wheels%20Pasta%20from%20Chickpeas%20-%20Gluten%20Free%2C%20High%20Protein%2C%20and%20Lower%20Carb%20Protein%20Noodles%2C%208oz,https://www.google.com/search?q=Banza%20Wheels%20Pasta%20from%20Chickpeas%20-%20Gluten%20Free%2C%20High%20Protein%2C%20and%20Lower%20Carb%20Protein%20Noodles%2C%208oz,https://seller.walmart.com/catalog/add-items?search=235180959,N/A,no,no,no,0,0,0,0,N/A,N/A,0,,,Price,12.49,3.36,4.5,36.04 %,133.98 %,8.60,6.29,1,$9.09,N/A,$4.63,$3.45,0,$1.00,8.00%,$0.03,1,$0.15,$0.30 /lb,$0.15,$0.00,$0.00,$0.00,$0.00,0,$0.00,4.8,482,"Pulling package information from B087N9NLYS via amazon.com,3 or less sellers","6.93, 4.80, 1.81 in, 0.51 lbs",6.93,4.80,1.81,0.51,N/A,Computer
"05/17/2025, 04:40 AM PDT","05/17/2025, 07:40 AM EDT","05/17/2025, 06:40 AM CDT","05/17/2025, 04:40 AM PDT","Bar Harbor Chopped Clams, 6.5 oz",32235504,70718001019,N/A,N/A,Bar Harbor,Grocery,Canned & Jarred Seafood,N/A,N/A,SPK-946079,https://i5.walmartimages.com/seo/Bar-Harbor-Chopped-Clams-6-5-oz_6327aba6-1c1e-4c1b-a3da-3d2327d8d004.a529cdde8311b83553cbcc9cb47e3dff.jpeg,,N/A,https://www.walmart.com/ip/32235504,4.8,https://www.amazon.com/dp/B000YFZRPE,https://www.amazon.com/s?k=Bar%20Harbor%20Chopped%20Clams%2C%206.5%20oz,https://www.ebay.com/sch/i.html?_nkw=Bar%20Harbor%20Chopped%20Clams%2C%206.5%20oz,https://www.google.com/search?q=Bar%20Harbor%20Chopped%20Clams%2C%206.5%20oz,https://seller.walmart.com/catalog/add-items?search=32235504,N/A,no,no,no,5,2,3,312,Nature's Health,wfs,$9.97,252,$9.97,$13.33,9.97,4.8,-0.24,-2.46 %,-5.10 %,0.00,3.64,1,$6.25,800+ units sold this month on Amazon,$5.41,$3.45,0,$0.80,8.00%,$0.01,1,$1.16,$0.30 /lb,$0.16,$0.00,$0.00,$0.00,$0.00,0,$0.00,3.8,32,Pulling package information from B000YFZRPE via amazon.com,"3.46, 3.35, 1.65 in, 0.53 lbs",3.46,3.35,1.65,0.53,N/A,Computer
"05/17/2025, 04:41 AM PDT","05/17/2025, 07:41 AM EDT","05/17/2025, 06:41 AM CDT","05/17/2025, 04:41 AM PDT",Bar Harbor Clam Juice,22210689,70718000920,N/A,N/A,Bar Harbor,Grocery,Juices,Bar Harbor Foods,N/A,92,https://i5.walmartimages.com/seo/Bar-Harbor-Clam-Juice-Case-Of-12-8-Fl-Oz_6d6b3cd6-0340-4bae-8a96-7c9c6647a75d.8065acb4e72dca2f9ffd088b476981d0.png,,N/A,https://www.walmart.com/ip/22210689,2.96,https://www.amazon.com/dp/B00BCX5VJE,https://www.amazon.com/s?k=Bar%20Harbor%20Clam%20Juice,https://www.ebay.com/sch/i.html?_nkw=Bar%20Harbor%20Clam%20Juice,https://www.google.com/search?q=Bar%20Harbor%20Clam%20Juice,https://seller.walmart.com/catalog/add-items?search=22210689,N/A,no,no,no,4,1,3,21,Perdy Good,wfs,$11.99,2,$11.99,$92.19,11.99,2.96,2.76,23.05 %,93.36 %,0.00,4.58,1,$10.00,N/A,$6.27,$4.95,0,$0.96,8.00%,$0.05,1,$0.31,$0.30 /lb,$0.31,$0.00,$0.00,$0.00,$0.00,0,$0.00,4.4,7,Pulling package information from B00BCX5VJE via amazon.com,"9.53, 3.58, 3.07 in, 1.04 lbs",9.53,3.58,3.07,1.04,N/A,Computer
"05/17/2025, 04:41 AM PDT","05/17/2025, 07:41 AM EDT","05/17/2025, 06:41 AM CDT","05/17/2025, 04:41 AM PDT","Bar Harbor Ready to Serve Manhattan Style Clam Chowder, 15 oz",31006823,70718001460,Single,2,Bar Harbor,Grocery,Prepared & Packaged Soups,N/A,BH00146,BH00146,https://i5.walmartimages.com/seo/Bar-Harbor-Ready-to-Serve-Manhattan-Style-Clam-Chowder-15-oz_c397cc9f-14aa-4f42-94d6-a04f40f1ec0c_1.730eb8eb35e487270e62553be6c504e4.jpeg,,N/A,https://www.walmart.com/ip/31006823,5.05,https://www.amazon.com/dp/B0096PP1JU,https://www.amazon.com/s?k=Bar%20Harbor%20Ready%20to%20Serve%20Manhattan%20Style%20Clam%20Chowder%2C%2015%20oz,https://www.ebay.com/sch/i.html?_nkw=Bar%20Harbor%20Ready%20to%20Serve%20Manhattan%20Style%20Clam%20Chowder%2C%2015%20oz,https://www.google.com/search?q=Bar%20Harbor%20Ready%20to%20Serve%20Manhattan%20Style%20Clam%20Chowder%2C%2015%20oz,https://seller.walmart.com/catalog/add-items?search=31006823,N/A,no,no,no,1,0,1,21,SANTARA,mfn,$15.18,21,$15.18,$15.18,15.18,5.05,2.58,16.97 %,51.00 %,11.15,6.10,1,OOS,N/A,$7.55,$4.95,0,$2.28,15.00%,$0.01,1,$0.32,$0.30 /lb,$0.32,$0.00,$0.00,$0.00,$0.00,0,$0.00,,0,"The listing has 2 variations,3 or less sellers","2.25, 2.25, 4.38 in, 1.06 lbs",2.25,2.25,4.38,1.06,N/A,Computer
"05/17/2025, 04:44 AM PDT","05/17/2025, 07:44 AM EDT","05/17/2025, 06:44 AM CDT","05/17/2025, 04:44 AM PDT","(Pack of 6) Bar Harbor New England Style Lobster Bisque, 15 oz",9029174141,468086940472,N/A,N/A,Bar Harbor,Grocery,Canned & Jarred Seafood,N/A,N/A,N/A,https://i5.walmartimages.com/seo/Pack-of-6-Bar-Harbor-Ready-To-Serve-New-England-Style-Lobster-Bisque-15-oz_aeef0823-3f4a-4a18-bf78-bf0d2cfe3ad6.c5c3d6eb8af7e470322781d44a92d34b.jpeg,,N/A,https://www.walmart.com/ip/9029174141,30.3,N/A,https://www.amazon.com/s?k=(Pack%20of%206)%20Bar%20Harbor%20New%20England%20Style%20Lobster%20Bisque%2C%2015%20oz,https://www.ebay.com/sch/i.html?_nkw=(Pack%20of%206)%20Bar%20Harbor%20New%20England%20Style%20Lobster%20Bisque%2C%2015%20oz,https://www.google.com/search?q=(Pack%20of%206)%20Bar%20Harbor%20New%20England%20Style%20Lobster%20Bisque%2C%2015%20oz,https://seller.walmart.com/catalog/add-items?search=9029174141,N/A,no,no,no,1,0,1,74,shopGourmet.com,mfn,$35.04,74,$35.04,$35.04,35.04,30.3,-0.52,-1.47 %,-1.70 %,35.55,23.83,1,NA,N/A,$5.26,$0.00,0,$5.26,15.00%,$0.00,1,$0.00,$0.30 /lb,$0.00,$0.00,$0.00,$0.00,$0.00,0,$0.00,,0,"For better accuracy, we’ve used dimensions from  to provide more precise estimates,3 or less sellers","0.00, 0.00, 0.00 in, 0.00 lbs",0.00,0.00,0.00,0.00,N/A,Computer
"05/17/2025, 04:45 AM PDT","05/17/2025, 07:45 AM EDT","05/17/2025, 06:45 AM CDT","05/17/2025, 04:45 AM PDT","Bar Harbor Smoked Wild Kippers, 6.7 oz Tin-free steel Can",32235505,70718001187,Single,1,Bar Harbor,Grocery,Canned & Jarred Seafood,N/A,N/A,BHR00118,https://i5.walmartimages.com/seo/Bar-Harbor-Smoked-Wild-Kippers-6-7-oz-Tin-free-steel-Can_d65ab6f6-4f61-4774-bc87-342c061b0c1a.6228dcbb739b5c34cd2c29983dfb8b7a.jpeg,,N/A,https://www.walmart.com/ip/32235505,4.34,https://www.amazon.com/dp/B01GMB9IRQ,https://www.amazon.com/s?k=Bar%20Harbor%20Smoked%20Wild%20Kippers%2C%206.7%20oz%20Tin-free%20steel%20Can,https://www.ebay.com/sch/i.html?_nkw=Bar%20Harbor%20Smoked%20Wild%20Kippers%2C%206.7%20oz%20Tin-free%20steel%20Can,https://www.google.com/search?q=Bar%20Harbor%20Smoked%20Wild%20Kippers%2C%206.7%20oz%20Tin-free%20steel%20Can,https://seller.walmart.com/catalog/add-items?search=32235505,N/A,no,no,no,5,2,3,37,Perdy Good,wfs,$10.00,2,$10.00,$13.47,10,4.34,-0.58,-5.79 %,-13.34 %,10.55,3.01,1,$17.93,N/A,$6.24,$4.95,0,$0.80,8.00%,$0.04,1,$0.45,$0.30 /lb,$0.45,$0.00,$0.00,$0.00,$0.00,0,$0.00,4.5,23,Pulling package information from B01GMB9IRQ via amazon.com,"6.57, 3.58, 3.54 in, 1.51 lbs",6.57,3.58,3.54,1.51,N/A,Computer
"05/17/2025, 04:48 AM PDT","05/17/2025, 07:48 AM EDT","05/17/2025, 06:48 AM CDT","05/17/2025, 04:48 AM PDT","Barbie Bubble Gum Tape, (12 x 58g), 696g/24.6 oz.",5885475026,60631921396,N/A,N/A,Barbie,Grocery,Chewing Gum,N/A,N/A,N/A,https://i5.walmartimages.com/seo/Barbie-Bubble-Gum-Tape-12-x-58g-696g-24-6-oz_d83a0095-57f4-4f84-991a-d5112be11e28.e5511aea60ba3d321373c4afea750a7b.png,,N/A,https://www.walmart.com/ip/5885475026,18.55,N/A,https://www.amazon.com/s?k=Barbie%20Bubble%20Gum%20Tape%2C%20(12%20x%2058g)%2C%20696g%2F24.6%20oz.,https://www.ebay.com/sch/i.html?_nkw=Barbie%20Bubble%20Gum%20Tape%2C%20(12%20x%2058g)%2C%20696g%2F24.6%20oz.,https://www.google.com/search?q=Barbie%20Bubble%20Gum%20Tape%2C%20(12%20x%2058g)%2C%20696g%2F24.6%20oz.,https://seller.walmart.com/catalog/add-items?search=5885475026,N/A,no,no,no,0,0,0,0,N/A,N/A,0,,,Price,49.99,18.55,23.94,47.89 %,129.06 %,21.75,33.99,1,NA,N/A,$7.50,$0.00,0,$7.50,15.00%,$0.00,1,$0.00,$0.30 /lb,$0.00,$0.00,$0.00,$0.00,$0.00,0,$0.00,,0,"For better accuracy, we’ve used dimensions from  to provide more precise estimates,3 or less sellers","0.00, 0.00, 0.00 in, 0.00 lbs",0.00,0.00,0.00,0.00,N/A,Computer
"05/17/2025, 04:54 AM PDT","05/17/2025, 07:54 AM EDT","05/17/2025, 06:54 AM CDT","05/17/2025, 04:54 AM PDT",Bare Baked Crunchy Apple Chips Granny Smith 3.4 Oz,379157432,13971021028,N/A,N/A,Bare Snacks,Grocery,Fruit Snacks,Bare Snacks,N/A,BWA01800,https://i5.walmartimages.com/seo/Bare-Fruit-12-x-3-4-oz-Organic-Granny-Smith-Apple-Chips_a8d73185-c4ea-4bfe-a6a5-a0ccc9512e44.a7fe7889efc184c168e92113db3644d3.jpeg,,N/A,https://www.walmart.com/ip/379157432,4.19,https://www.amazon.com/dp/B01GJA8TDO,https://www.amazon.com/s?k=Bare%20Baked%20Crunchy%20Apple%20Chips%20Granny%20Smith%203.4%20Oz,https://www.ebay.com/sch/i.html?_nkw=Bare%20Baked%20Crunchy%20Apple%20Chips%20Granny%20Smith%203.4%20Oz,https://www.google.com/search?q=Bare%20Baked%20Crunchy%20Apple%20Chips%20Granny%20Smith%203.4%20Oz,https://seller.walmart.com/catalog/add-items?search=379157432,N/A,no,no,no,1,0,1,6,Vitozon,mfn,$12.08,6,$12.08,$12.08,12.08,4.19,3.35,27.72 %,79.92 %,9.45,6.03,1,$20.03,50+ units sold this month on Amazon,$4.54,$3.45,0,$0.97,8.00%,$0.06,1,$0.07,$0.30 /lb,$0.07,$0.00,$0.00,$0.00,$0.00,0,$0.00,5,3,"Pulling package information from B01GJA8TDO via amazon.com,3 or less sellers","9.09, 7.13, 2.09 in, 0.22 lbs",9.09,7.13,2.09,0.22,N/A,Computer
"05/19/2025, 12:28 AM PDT","05/19/2025, 03:28 AM EDT","05/19/2025, 02:28 AM CDT","05/19/2025, 12:28 AM PDT","Barkthins Dark Chocolate, Pretzel and Sea Salt Snacking Chocolate, Bag 4.7 oz",36365399,859686004013,N/A,N/A,barkTHINS,Grocery,Chocolate Candy,N/A,N/A,59686 00401,https://i5.walmartimages.com/seo/Barkthins-Dark-Chocolate-Pretzel-and-Sea-Salt-Snacking-Chocolate-Bag-4-7-oz_453413f6-807b-42a1-a498-654d3a6d30a4.5e47a07067090f6ff90041385582cf55.jpeg,,N/A,https://www.walmart.com/ip/36365399,3.77,https://www.amazon.com/dp/B00F9XTGI0,https://www.amazon.com/s?k=Barkthins%20Dark%20Chocolate%2C%20Pretzel%20and%20Sea%20Salt%20Snacking%20Chocolate%2C%20Bag%204.7%20oz,https://www.ebay.com/sch/i.html?_nkw=Barkthins%20Dark%20Chocolate%2C%20Pretzel%20and%20Sea%20Salt%20Snacking%20Chocolate%2C%20Bag%204.7%20oz,https://www.google.com/search?q=Barkthins%20Dark%20Chocolate%2C%20Pretzel%20and%20Sea%20Salt%20Snacking%20Chocolate%2C%20Bag%204.7%20oz,https://seller.walmart.com/catalog/add-items?search=36365399,N/A,no,no,no,5,3,2,90,Hidden Gems LLC,wfs,$10.45,8,$10.45,$12.68,10.45,3.77,2.35,22.50 %,62.38 %,8.90,4.90,1,$12.98,700+ units sold this month on Amazon,$4.33,$3.45,0,$0.84,8.00%,$0.03,1,$0.01,$0.30 /lb,$0.01,$0.00,$0.00,$0.00,$0.00,0,$0.00,4.6,87,Pulling package information from B00F9XTGI0 via amazon.com,"6.06, 5.31, 2.17 in, 0.04 lbs",6.06,5.31,2.17,0.04,N/A,Computer
"05/19/2025, 12:33 AM PDT","05/19/2025, 03:33 AM EDT","05/19/2025, 02:33 AM CDT","05/19/2025, 12:33 AM PDT","(Price/Each)Asher's Dark Chocolate Almond Bark 6lb, 601100",116861074,89449003025,N/A,N/A,Asher's Chocolate,Grocery,Chocolate Candy,N/A,N/A,N/A,https://i5.walmartimages.com/seo/Price-Each-Asher-s-Dark-Chocolate-Almond-Bark-6lb-601100_c9fba78c-af4d-4227-99e6-fd07f447835f.a854292210705c84803e89416785240b.jpeg,,N/A,https://www.walmart.com/ip/116861074,101.04,N/A,https://www.amazon.com/s?k=(Price%2FEach)Asher's%20Dark%20Chocolate%20Almond%20Bark%206lb%2C%20601100,https://www.ebay.com/sch/i.html?_nkw=(Price%2FEach)Asher's%20Dark%20Chocolate%20Almond%20Bark%206lb%2C%20601100,https://www.google.com/search?q=(Price%2FEach)Asher's%20Dark%20Chocolate%20Almond%20Bark%206lb%2C%20601100,https://seller.walmart.com/catalog/add-items?search=116861074,N/A,yes,no,no,1,0,1,10,ATAFA,mfn,$128.54,10,$128.54,$128.54,128.54,101.04,8.22,6.39 %,8.13 %,118.80,87.41,1,NA,N/A,$19.28,$0.00,0,$19.28,15.00%,$0.00,1,$0.00,$0.30 /lb,$0.00,$0.00,$0.00,$0.00,$0.00,0,$0.00,4,1,"For better accuracy, we’ve used dimensions from  to provide more precise estimates,3 or less sellers","0.00, 0.00, 0.00 in, 0.00 lbs",0.00,0.00,0.00,0.00,N/A,Computer
"05/19/2025, 12:33 AM PDT","05/19/2025, 03:33 AM EDT","05/19/2025, 02:33 AM CDT","05/19/2025, 12:33 AM PDT","(Price/Each)Asher's Milk Chocolate Almond Bark 6lb, 601103",107033843,89449003018,N/A,N/A,Asher's Chocolate,Grocery,Chocolate Candy,N/A,N/A,N/A,https://i5.walmartimages.com/seo/Price-Each-Asher-s-Milk-Chocolate-Almond-Bark-6lb-601103_c88af1f2-4034-479b-8075-fde6b625db57.7cc7b0fa93819f31a32c698b9d188011.jpeg,,N/A,https://www.walmart.com/ip/107033843,101.04,N/A,https://www.amazon.com/s?k=(Price%2FEach)Asher's%20Milk%20Chocolate%20Almond%20Bark%206lb%2C%20601103,https://www.ebay.com/sch/i.html?_nkw=(Price%2FEach)Asher's%20Milk%20Chocolate%20Almond%20Bark%206lb%2C%20601103,https://www.google.com/search?q=(Price%2FEach)Asher's%20Milk%20Chocolate%20Almond%20Bark%206lb%2C%20601103,https://seller.walmart.com/catalog/add-items?search=107033843,N/A,no,no,no,1,0,1,10,ATAFA,mfn,$128.54,10,$128.54,$128.54,128.54,101.04,8.22,6.39 %,8.13 %,118.80,87.41,1,NA,N/A,$19.28,$0.00,0,$19.28,15.00%,$0.00,1,$0.00,$0.30 /lb,$0.00,$0.00,$0.00,$0.00,$0.00,0,$0.00,,0,"For better accuracy, we’ve used dimensions from  to provide more precise estimates,3 or less sellers","0.00, 0.00, 0.00 in, 0.00 lbs",0.00,0.00,0.00,0.00,N/A,Computer
"05/19/2025, 12:41 AM PDT","05/19/2025, 03:41 AM EDT","05/19/2025, 02:41 AM CDT","05/19/2025, 12:41 AM PDT","Barney Butter Almond Butter Cocoa Coconut, 10 Oz",36359635,858864004036,N/A,N/A,Barney Butter,Grocery,Nut Butters & Spreads,N/A,N/A,120702,https://i5.walmartimages.com/seo/Barney-Butter-Almond-Butter-Cocoa-Coconut-10-Oz_3a2099b3-2fa5-44d6-abce-5812b71f5e8c.0d5a772c913e79936a2f4250bfde0c72.jpeg,,N/A,https://www.walmart.com/ip/36359635,7.88,https://www.amazon.com/dp/B00MNHJ8AG,https://www.amazon.com/s?k=Barney%20Butter%20Almond%20Butter%20Cocoa%20Coconut%2C%2010%20Oz,https://www.ebay.com/sch/i.html?_nkw=Barney%20Butter%20Almond%20Butter%20Cocoa%20Coconut%2C%2010%20Oz,https://www.google.com/search?q=Barney%20Butter%20Almond%20Butter%20Cocoa%20Coconut%2C%2010%20Oz,https://seller.walmart.com/catalog/add-items?search=36359635,N/A,yes,no,no,1,0,1,27,Avenue A Stores LLC,mfn,$17.18,27,$17.18,$17.18,17.18,7.88,0.53,3.09 %,6.73 %,16.45,6.73,1,OOS,N/A,$8.77,$5.45,0,$2.58,15.00%,$0.04,1,$0.70,$0.30 /lb,$0.70,$0.00,$0.00,$0.00,$0.00,0,$0.00,5,1,"Pulling package information from B00MNHJ8AG via amazon.com,3 or less sellers","8.50, 3.50, 2.91 in, 2.35 lbs",8.50,3.50,2.91,2.35,N/A,Computer
"05/19/2025, 12:43 AM PDT","05/19/2025, 03:43 AM EDT","05/19/2025, 02:43 AM CDT","05/19/2025, 12:43 AM PDT",BarNone Chocolate Bar - 12ct.,944837644,859917004072,1.48 Ounce Pack Of 12,1,BarNone,Grocery,Chocolate Candy,N/A,N/A,N/A,https://i5.walmartimages.com/seo/BarNone-Chocolate-Bar-12ct_13a1cca8-b019-4d58-98e5-81131817b1c3.d9b48d0da769c035dada6562f92f07d6.jpeg,,N/A,https://www.walmart.com/ip/944837644,11.16,https://www.amazon.com/dp/B07VWBLZLT,https://www.amazon.com/s?k=BarNone%20Chocolate%20Bar%20-%2012ct.,https://www.ebay.com/sch/i.html?_nkw=BarNone%20Chocolate%20Bar%20-%2012ct.,https://www.google.com/search?q=BarNone%20Chocolate%20Bar%20-%2012ct.,https://seller.walmart.com/catalog/add-items?search=944837644,N/A,no,no,no,1,0,1,2263,CANDY CABIN,mfn,$23.05,2263,$23.05,$23.05,23.05,11.16,3.11,13.50 %,27.89 %,19.30,11.42,1,$20.53,50+ units sold this month on Amazon,$8.78,$4.95,0,$3.46,15.00%,$0.04,1,$0.33,$0.30 /lb,$0.33,$0.00,$0.00,$0.00,$0.00,0,$0.00,,0,"Pulling package information from B07VWBLZLT via amazon.com,3 or less sellers","6.02, 4.61, 3.35 in, 1.10 lbs",6.02,4.61,3.35,1.10,N/A,Computer
"05/19/2025, 12:49 AM PDT","05/19/2025, 03:49 AM EDT","05/19/2025, 02:49 AM CDT","05/19/2025, 12:49 AM PDT","Frankford's Baskin Robbins Chocolates, Mint Chocolate Chip Pint, 5 ounces.",5362429531,41376114182,N/A,N/A,Frankford,Grocery,Chocolate Candy,N/A,N/A,N/A,https://i5.walmartimages.com/seo/Frankford-s-Baskin-Robbins-Chocolates-Mint-Chocolate-Chip-Pint-5-ounces_09ab0f7f-1eeb-483b-b75e-93d2986415cc.849b2c805b2dffcdb194b4d560d52d4e.jpeg,,N/A,https://www.walmart.com/ip/5362429531,4.26,N/A,https://www.amazon.com/s?k=Frankford's%20Baskin%20Robbins%20Chocolates%2C%20Mint%20Chocolate%20Chip%20Pint%2C%205%20ounces.,https://www.ebay.com/sch/i.html?_nkw=Frankford's%20Baskin%20Robbins%20Chocolates%2C%20Mint%20Chocolate%20Chip%20Pint%2C%205%20ounces.,https://www.google.com/search?q=Frankford's%20Baskin%20Robbins%20Chocolates%2C%20Mint%20Chocolate%20Chip%20Pint%2C%205%20ounces.,https://seller.walmart.com/catalog/add-items?search=5362429531,N/A,no,no,no,2,0,2,18,Sells Goods LLC ,mfn,$14.29,12,$14.29,$14.60,14.29,4.26,8.89,62.19 %,208.61 %,5.65,10.52,1,NA,N/A,$1.14,$0.00,0,$1.14,8.00%,$0.00,1,$0.00,$0.30 /lb,$0.00,$0.00,$0.00,$0.00,$0.00,0,$0.00,3,1,"For better accuracy, we’ve used dimensions from  to provide more precise estimates,3 or less sellers","0.00, 0.00, 0.00 in, 0.00 lbs",0.00,0.00,0.00,0.00,N/A,Computer
"05/19/2025, 12:52 AM PDT","05/19/2025, 03:52 AM EDT","05/19/2025, 02:52 AM CDT","05/19/2025, 12:52 AM PDT",Bauducco Panettone Chocolate Chips 12/24 OZ,2436407401,875754010328,N/A,N/A,Bauducco,Grocery,Cakes,N/A,N/A,N/A,https://i5.walmartimages.com/seo/Bauducco-Panettone-Chocolate-Chips-12-24-OZ_b51ddae9-1855-4167-bae0-98eb253a6f95.c0114f26f8ef80db99bfa6d3c1c1827e.png,,N/A,https://www.walmart.com/ip/2436407401,9.41,https://www.amazon.com/dp/B0CGFC13RD,https://www.amazon.com/s?k=Bauducco%20Panettone%20Chocolate%20Chips%2012%2F24%20OZ,https://www.ebay.com/sch/i.html?_nkw=Bauducco%20Panettone%20Chocolate%20Chips%2012%2F24%20OZ,https://www.google.com/search?q=Bauducco%20Panettone%20Chocolate%20Chips%2012%2F24%20OZ,https://seller.walmart.com/catalog/add-items?search=2436407401,N/A,no,no,no,2,0,2,7,Ruka Technologies LLC,mfn,$18.99,5,$18.99,$19.89,18.99,9.41,0.21,1.12 %,2.25 %,18.65,7.70,1,$14.02,400+ units sold this month on Amazon,$9.37,$5.75,0,$2.85,15.00%,$0.19,1,$0.58,$0.30 /lb,$0.58,$0.00,$0.00,$0.00,$0.00,0,$0.00,,0,"Pulling package information from B0CGFC13RD via amazon.com,3 or less sellers","8.19, 7.48, 7.28 in, 1.92 lbs",8.19,7.48,7.28,1.92,N/A,Computer
"05/19/2025, 12:55 AM PDT","05/19/2025, 03:55 AM EDT","05/19/2025, 02:55 AM CDT","05/19/2025, 12:55 AM PDT",Bauducco Wafer Cookies - Enriched with Chocolate - Sugar Free Delicious & Crispy Wafers - 3 Creamy Layers - Great for Snacks & Dessert - No Artificial Flavors 5oz,3671466132,875754009315,N/A,N/A,Bauducco,Grocery,Cookies,N/A,N/A,N/A,https://i5.walmartimages.com/seo/Bauducco-Wafer-Cookies-Enriched-Chocolate-Sugar-Free-Delicious-Crispy-Wafers-3-Creamy-Layers-Great-Snacks-Dessert-Artificial-Flavors-5oz_1828458c-82db-4a1b-b35e-db4e91b67f59.05ebff1361989099f549af4979ae8219.jpeg,,N/A,https://www.walmart.com/ip/3671466132,1.4,https://www.amazon.com/dp/B0CCKBKCNN,https://www.amazon.com/s?k=Bauducco%20Wafer%20Cookies%20-%20Enriched%20with%20Chocolate%20-%20Sugar%20Free%20Delicious%20%26%20Crispy%20Wafers%20-%203%20Creamy%20Layers%20-%20Great%20for%20Snacks%20%26%20Dessert%20-%20No%20Artificial%20Flavors%205oz,https://www.ebay.com/sch/i.html?_nkw=Bauducco%20Wafer%20Cookies%20-%20Enriched%20with%20Chocolate%20-%20Sugar%20Free%20Delicious%20%26%20Crispy%20Wafers%20-%203%20Creamy%20Layers%20-%20Great%20for%20Snacks%20%26%20Dessert%20-%20No%20Artificial%20Flavors%205oz,https://www.google.com/search?q=Bauducco%20Wafer%20Cookies%20-%20Enriched%20with%20Chocolate%20-%20Sugar%20Free%20Delicious%20%26%20Crispy%20Wafers%20-%203%20Creamy%20Layers%20-%20Great%20for%20Snacks%20%26%20Dessert%20-%20No%20Artificial%20Flavors%205oz,https://seller.walmart.com/catalog/add-items?search=3671466132,N/A,yes,no,no,1,0,1,3,Tampa Bay Express,mfn,$9.53,3,$9.53,$9.53,9.53,1.4,2.81,29.44 %,200.42 %,6.40,3.36,1,OOS,1k+ units sold this month on Amazon,$5.32,$3.45,0,$0.76,8.00%,$0.01,1,$1.10,$0.30 /lb,$0.10,$0.00,$0.00,$0.00,$0.00,0,$0.00,1,1,"Pulling package information from B0CCKBKCNN via amazon.com,3 or less sellers","8.35, 3.31, 1.06 in, 0.33 lbs",8.35,3.31,1.06,0.33,N/A,Computer
"05/19/2025, 12:56 AM PDT","05/19/2025, 03:56 AM EDT","05/19/2025, 02:56 AM CDT","05/19/2025, 12:56 AM PDT",Bauducco Toast Original,871544809,875754004433,Single,2,Bauducco,Grocery,Breads & Buns,N/A,N/A,N/A,https://i5.walmartimages.com/seo/Bauducco-Toast-Original_4f3621da-36f9-4be1-b471-afa25b286bea.c15b96cb8d5e59d0932d44c5efe549f7.jpeg,,N/A,https://www.walmart.com/ip/871544809,1.49,https://www.amazon.com/dp/B0872KQ13J,https://www.amazon.com/s?k=Bauducco%20Toast%20Original,https://www.ebay.com/sch/i.html?_nkw=Bauducco%20Toast%20Original,https://www.google.com/search?q=Bauducco%20Toast%20Original,https://seller.walmart.com/catalog/add-items?search=871544809,N/A,no,no,no,1,0,1,3,ShopSpark,mfn,$7.24,3,$7.24,$7.24,7.24,1.49,0.58,8.05 %,39.10 %,6.50,1.66,1,$2.13,1k+ units sold this month on Amazon,$5.17,$3.45,0,$0.58,8.00%,$0.03,1,$1.11,$0.30 /lb,$0.11,$0.00,$0.00,$0.00,$0.00,0,$0.00,4.3,7,"The listing has 2 variations,Pulling package information from B0872KQ13J via amazon.com,3 or less sellers","7.44, 3.46, 2.44 in, 0.37 lbs",7.44,3.46,2.44,0.37,N/A,Computer
"05/19/2025, 12:59 AM PDT","05/19/2025, 03:59 AM EDT","05/19/2025, 02:59 AM CDT","05/19/2025, 12:59 AM PDT","BAWLS Guarana Original Soda, 10 Fl Oz, 12 Pack",154374357,637910000105,Original,6,BAWLS Guarana,Grocery,Soda Pop,N/A,N/A,N/A,https://i5.walmartimages.com/seo/BAWLS-Guarana-Original-Soda-10-Fl-Oz-12-Pack_f2dbf017-da37-4a36-96b9-528db147117b.c4f91a6313d64cffe625f4608bbd8316.jpeg,,N/A,https://www.walmart.com/ip/154374357,18,N/A,https://www.amazon.com/s?k=BAWLS%20Guarana%20Original%20Soda%2C%2010%20Fl%20Oz%2C%2012%20Pack,https://www.ebay.com/sch/i.html?_nkw=BAWLS%20Guarana%20Original%20Soda%2C%2010%20Fl%20Oz%2C%2012%20Pack,https://www.google.com/search?q=BAWLS%20Guarana%20Original%20Soda%2C%2010%20Fl%20Oz%2C%2012%20Pack,https://seller.walmart.com/catalog/add-items?search=154374357,N/A,no,no,no,2,0,2,9066,BAWLS Guarana,mfn,$37.99,9020,$37.99,$37.99,37.99,18,14.29,37.62 %,79.40 %,21.10,25.83,1,NA,N/A,$5.70,$0.00,0,$5.70,15.00%,$0.00,1,$0.00,$0.30 /lb,$0.00,$0.00,$0.00,$0.00,$0.00,0,$0.00,3.3,3,"The listing has 6 variations,For better accuracy, we’ve used dimensions from  to provide more precise estimates,3 or less sellers","0.00, 0.00, 0.00 in, 0.00 lbs",0.00,0.00,0.00,0.00,N/A,Computer
"05/19/2025, 01:01 AM PDT","05/19/2025, 04:01 AM EDT","05/19/2025, 03:01 AM CDT","05/19/2025, 01:01 AM PDT",BAWLS Guarana Cherry 10oz 12 pack,686047735,637910000112,N/A,N/A,BAWLS Guarana,Grocery,Soda Pop,N/A,N/A,N/A,https://i5.walmartimages.com/seo/BAWLS-Guarana-Cherry-10oz-12-pack_cf654b58-a015-4be4-877c-a6d3a52e8477.c2c83dcb6e0c4992130268cf675a12bb.jpeg,,N/A,https://www.walmart.com/ip/686047735,18,N/A,https://www.amazon.com/s?k=BAWLS%20Guarana%20Cherry%2010oz%2012%20pack,https://www.ebay.com/sch/i.html?_nkw=BAWLS%20Guarana%20Cherry%2010oz%2012%20pack,https://www.google.com/search?q=BAWLS%20Guarana%20Cherry%2010oz%2012%20pack,https://seller.walmart.com/catalog/add-items?search=686047735,N/A,no,no,no,2,0,2,9948,BAWLS Guarana,mfn,$37.99,9936,$37.99,$45.98,37.99,18,14.29,37.62 %,79.40 %,21.10,25.83,1,NA,N/A,$5.70,$0.00,0,$5.70,15.00%,$0.00,1,$0.00,$0.30 /lb,$0.00,$0.00,$0.00,$0.00,$0.00,0,$0.00,5,1,"For better accuracy, we’ve used dimensions from  to provide more precise estimates,3 or less sellers","0.00, 0.00, 0.00 in, 0.00 lbs",0.00,0.00,0.00,0.00,N/A,Computer
"05/19/2025, 01:02 AM PDT","05/19/2025, 04:02 AM EDT","05/19/2025, 03:02 AM CDT","05/19/2025, 01:02 AM PDT",Bawls Guarana Soda Cherry Cola 10 fl oz (Pack Of 12),9762615209,637910000068,Cherry Cola,6,BAWLS Guarana,Grocery,Soda Pop,N/A,N/A,N/A,https://i5.walmartimages.com/seo/Bawls-Guarana-Soda-Cherry-Cola-10-fl-oz-Pack-Of-12_cdf4416b-36e1-454e-80a9-f1932643a268.40cd3b287498c5c7c75df3d461ef56ec.jpeg,,N/A,https://www.walmart.com/ip/9762615209,18,N/A,https://www.amazon.com/s?k=Bawls%20Guarana%20Soda%20Cherry%20Cola%2010%20fl%20oz%20(Pack%20Of%2012),https://www.ebay.com/sch/i.html?_nkw=Bawls%20Guarana%20Soda%20Cherry%20Cola%2010%20fl%20oz%20(Pack%20Of%2012),https://www.google.com/search?q=Bawls%20Guarana%20Soda%20Cherry%20Cola%2010%20fl%20oz%20(Pack%20Of%2012),https://seller.walmart.com/catalog/add-items?search=9762615209,N/A,no,no,no,1,0,1,12,UniversoBrands,mfn,$48.99,12,$48.99,$48.99,48.99,18,23.64,48.26 %,131.34 %,21.10,33.31,1,NA,N/A,$7.35,$0.00,0,$7.35,15.00%,$0.00,1,$0.00,$0.30 /lb,$0.00,$0.00,$0.00,$0.00,$0.00,0,$0.00,,0,"The listing has 6 variations,For better accuracy, we’ve used dimensions from  to provide more precise estimates,3 or less sellers","0.00, 0.00, 0.00 in, 0.00 lbs",0.00,0.00,0.00,0.00,N/A,Computer
"05/19/2025, 01:03 AM PDT","05/19/2025, 04:03 AM EDT","05/19/2025, 03:03 AM CDT","05/19/2025, 01:03 AM PDT",BAWLS Ginger Ale 10oz 24 pack,481282939,0,N/A,N/A,BAWLS Guarana,Grocery,Soda Pop,N/A,N/A,N/A,https://i5.walmartimages.com/seo/BAWLS-Ginger-Ale-10oz-24-pack_6599044b-514c-4b01-a1aa-990b8d06b579.66d14f2e49ca572a79b2ee17e907dcee.jpeg,,N/A,https://www.walmart.com/ip/481282939,36,https://www.amazon.com/dp/undefined,https://www.amazon.com/s?k=BAWLS%20Ginger%20Ale%2010oz%2024%20pack,https://www.ebay.com/sch/i.html?_nkw=BAWLS%20Ginger%20Ale%2010oz%2024%20pack,https://www.google.com/search?q=BAWLS%20Ginger%20Ale%2010oz%2024%20pack,https://seller.walmart.com/catalog/add-items?search=481282939,N/A,no,no,no,1,0,1,9954,BAWLS Guarana,mfn,$59.99,9954,$59.99,$59.99,59.99,36,14.99,24.99 %,41.64 %,42.25,40.79,1,,N/A,$9.00,$0.00,0,$9.00,15.00%,$0.00,1,$0.00,$0.30 /lb,$0.00,$0.00,$0.00,$0.00,$0.00,0,$0.00,,0,"For better accuracy, we’ve used dimensions from  to provide more precise estimates,3 or less sellers","0.00, 0.00, 0.00 in, 0.00 lbs",0.00,0.00,0.00,0.00,N/A,Computer
"05/19/2025, 01:04 AM PDT","05/19/2025, 04:04 AM EDT","05/19/2025, 03:04 AM CDT","05/19/2025, 01:04 AM PDT",Bawls Guarana Soda Mandarin Orange 10 oz (Pack Of 12),115394366,637910000129,Orange,6,BAWLS Guarana,Grocery,Soda Pop,N/A,N/A,N/A,https://i5.walmartimages.com/seo/Bawls-Guarana-Soda-Mandarin-Orange-10-oz-Pack-Of-12_31f36d04-6819-4ead-bcaf-35154afcfefe.8d061f2540095b8ad707eafd0781e966.jpeg,,N/A,https://www.walmart.com/ip/115394366,18,N/A,https://www.amazon.com/s?k=Bawls%20Guarana%20Soda%20Mandarin%20Orange%2010%20oz%20(Pack%20Of%2012),https://www.ebay.com/sch/i.html?_nkw=Bawls%20Guarana%20Soda%20Mandarin%20Orange%2010%20oz%20(Pack%20Of%2012),https://www.google.com/search?q=Bawls%20Guarana%20Soda%20Mandarin%20Orange%2010%20oz%20(Pack%20Of%2012),https://seller.walmart.com/catalog/add-items?search=115394366,N/A,no,no,no,2,0,2,9971,BAWLS Guarana,mfn,$37.99,9959,$37.99,$45.99,37.99,18,14.29,37.62 %,79.40 %,21.10,25.83,1,NA,N/A,$5.70,$0.00,0,$5.70,15.00%,$0.00,1,$0.00,$0.30 /lb,$0.00,$0.00,$0.00,$0.00,$0.00,0,$0.00,,0,"The listing has 6 variations,For better accuracy, we’ve used dimensions from  to provide more precise estimates,3 or less sellers","0.00, 0.00, 0.00 in, 0.00 lbs",0.00,0.00,0.00,0.00,N/A,Computer
"05/19/2025, 01:05 AM PDT","05/19/2025, 04:05 AM EDT","05/19/2025, 03:05 AM CDT","05/19/2025, 01:05 AM PDT",Bawls Guarana Root Beer Soda 10 oz (Pack Of 12),9742661020,0,Root Beer,6,BAWLS Guarana,Grocery,Soda Pop,N/A,N/A,N/A,https://i5.walmartimages.com/seo/Bawls-Guarana-Root-Beer-Soda-10-oz-Pack-Of-12_5e39a49d-20e4-421b-b506-d598d59b0375.94d7fdbf7a68875924cea35b0c8474c9.jpeg,,N/A,https://www.walmart.com/ip/9742661020,18,https://www.amazon.com/dp/undefined,https://www.amazon.com/s?k=Bawls%20Guarana%20Root%20Beer%20Soda%2010%20oz%20(Pack%20Of%2012),https://www.ebay.com/sch/i.html?_nkw=Bawls%20Guarana%20Root%20Beer%20Soda%2010%20oz%20(Pack%20Of%2012),https://www.google.com/search?q=Bawls%20Guarana%20Root%20Beer%20Soda%2010%20oz%20(Pack%20Of%2012),https://seller.walmart.com/catalog/add-items?search=9742661020,N/A,no,no,no,1,0,1,12,UniversoBrands,mfn,$45.99,12,$45.99,$45.99,45.99,18,21.09,45.86 %,117.18 %,21.10,31.27,1,,N/A,$6.90,$0.00,0,$6.90,15.00%,$0.00,1,$0.00,$0.30 /lb,$0.00,$0.00,$0.00,$0.00,$0.00,0,$0.00,,0,"The listing has 6 variations,For better accuracy, we’ve used dimensions from  to provide more precise estimates,3 or less sellers","0.00, 0.00, 0.00 in, 0.00 lbs",0.00,0.00,0.00,0.00,N/A,Computer
"05/19/2025, 01:10 AM PDT","05/19/2025, 04:10 AM EDT","05/19/2025, 03:10 AM CDT","05/19/2025, 01:10 AM PDT",Bazooka Bubble Gum Soda,576792962,714834008070,N/A,N/A,unknown,Grocery,Soda Pop,N/A,N/A,N/A,https://i5.walmartimages.com/seo/Bazooka-Bubble-Gum-Soda_cad57687-06fb-411a-848b-d2982a1672ac.e576f5e4f4edb7d39039417214a9942c.jpeg,,N/A,https://www.walmart.com/ip/576792962,1.55,N/A,https://www.amazon.com/s?k=Bazooka%20Bubble%20Gum%20Soda,https://www.ebay.com/sch/i.html?_nkw=Bazooka%20Bubble%20Gum%20Soda,https://www.google.com/search?q=Bazooka%20Bubble%20Gum%20Soda,https://seller.walmart.com/catalog/add-items?search=576792962,N/A,yes,no,no,1,0,1,60,Vat19,mfn,$12.40,60,$12.40,$12.40,12.4,1.55,6.3,50.84 %,406.70 %,6.55,6.28,1,NA,N/A,$4.55,$3.45,0,$0.99,8.00%,$0.01,1,$0.09,$0.30 /lb,$0.09,$0.00,$0.00,$0.00,$0.00,0,$0.00,1,2,"For better accuracy, we’ve used dimensions from B004SWKK5Q to provide more precise estimates,3 or less sellers","6.42, 2.99, 1.34 in, 0.31 lbs",6.42,2.99,1.34,0.31,N/A,Computer
"05/19/2025, 01:11 AM PDT","05/19/2025, 04:11 AM EDT","05/19/2025, 03:11 AM CDT","05/19/2025, 01:11 AM PDT",Bazooka Original Sugar Free Bubble Gum To Go Cup 3oz,115112263,41116011801,N/A,N/A,Bazooka,Grocery,Chewing Gum,N/A,N/A,BCBG01180,https://i5.walmartimages.com/seo/Bazooka-Original-Sugar-Free-Bubble-Gum-To-Go-Cup-3oz_c2ec7528-7416-4f3a-94c9-584d45230e76.8b96d9231a085f44a9356ef311f48833.jpeg,,N/A,https://www.walmart.com/ip/115112263,4.59,https://www.amazon.com/dp/B06Y2JBKCW,https://www.amazon.com/s?k=Bazooka%20Original%20Sugar%20Free%20Bubble%20Gum%20To%20Go%20Cup%203oz,https://www.ebay.com/sch/i.html?_nkw=Bazooka%20Original%20Sugar%20Free%20Bubble%20Gum%20To%20Go%20Cup%203oz,https://www.google.com/search?q=Bazooka%20Original%20Sugar%20Free%20Bubble%20Gum%20To%20Go%20Cup%203oz,https://seller.walmart.com/catalog/add-items?search=115112263,N/A,no,yes,no,1,0,1,16,Candy Retailer,mfn,$14.04,16,$14.04,$14.04,14.04,4.59,2.84,20.23 %,61.88 %,10.85,5.94,1,$9.99,N/A,$6.61,$4.95,0,$1.12,8.00%,$0.06,1,$0.48,$0.30 /lb,$0.48,$0.00,$0.00,$0.00,$0.00,0,$0.00,,0,"Pulling package information from B06Y2JBKCW via amazon.com,3 or less sellers","8.11, 5.39, 2.99 in, 1.60 lbs",8.11,5.39,2.99,1.60,N/A,Computer
"05/19/2025, 01:21 AM PDT","05/19/2025, 04:21 AM EDT","05/19/2025, 03:21 AM CDT","05/19/2025, 01:21 AM PDT","Bazzini Dark Chocolate Covered Espresso Beans Candy Snack 10 Oz 2 Packs, Premium Roasted Coffee Beans Coated in Rich Dark Chocolate Gourmet Caffeine Treat for Coffee Lovers",16027072364,757222558474,N/A,N/A,COZY,Grocery,Chocolate Covered Nuts,N/A,N/A,N/A,https://i5.walmartimages.com/seo/Bazzini-Dark-Chocolate-Covered-Espresso-Beans-Candy-Snack-10-Oz-2-Packs-Premium-Roasted-Coffee-Beans-Coated-Rich-Dark-Chocolate-Gourmet-Caffeine-Trea_7270837a-968f-4e73-8527-67961c5ff242.b2e51a6cbcbb935c4d7e59e752e2f918.jpeg,,N/A,https://www.walmart.com/ip/16027072364,10.84,N/A,https://www.amazon.com/s?k=Bazzini%20Dark%20Chocolate%20Covered%20Espresso%20Beans%20Candy%20Snack%2010%20Oz%202%20Packs%2C%20Premium%20Roasted%20Coffee%20Beans%20Coated%20in%20Rich%20Dark%20Chocolate%20Gourmet%20Caffeine%20Treat%20for%20Coffee%20Lovers,https://www.ebay.com/sch/i.html?_nkw=Bazzini%20Dark%20Chocolate%20Covered%20Espresso%20Beans%20Candy%20Snack%2010%20Oz%202%20Packs%2C%20Premium%20Roasted%20Coffee%20Beans%20Coated%20in%20Rich%20Dark%20Chocolate%20Gourmet%20Caffeine%20Treat%20for%20Coffee%20Lovers,https://www.google.com/search?q=Bazzini%20Dark%20Chocolate%20Covered%20Espresso%20Beans%20Candy%20Snack%2010%20Oz%202%20Packs%2C%20Premium%20Roasted%20Coffee%20Beans%20Coated%20in%20Rich%20Dark%20Chocolate%20Gourmet%20Caffeine%20Treat%20for%20Coffee%20Lovers,https://seller.walmart.com/catalog/add-items?search=16027072364,N/A,no,no,no,0,0,0,0,N/A,N/A,0,,,Price,30,10.84,14.66,48.87 %,135.24 %,11.70,20.40,1,NA,N/A,$4.50,$0.00,0,$4.50,15.00%,$0.00,1,$0.00,$0.30 /lb,$0.00,$0.00,$0.00,$0.00,$0.00,0,$0.00,,0,"For better accuracy, we’ve used dimensions from  to provide more precise estimates,3 or less sellers","0.00, 0.00, 0.00 in, 0.00 lbs",0.00,0.00,0.00,0.00,N/A,Computer
"05/19/2025, 03:11 AM PDT","05/19/2025, 06:11 AM EDT","05/19/2025, 05:11 AM CDT","05/19/2025, 03:11 AM PDT",Charms Blow Pops Cherry Lollipops 48 ct,46234837,14200000692,N/A,N/A,Charms,Grocery,Lollipops & Suckers,N/A,N/A,014200000692,https://i5.walmartimages.com/seo/Charms-Blow-Pops-Cherry-Lollipops-48-ct_e50ad381-8763-47ec-afda-87e62bf96a16.74ad8b400d5019b6fd3f7a3748641e36.jpeg,,N/A,https://www.walmart.com/ip/46234837,9.4,https://www.amazon.com/dp/B01GGH0FVY,https://www.amazon.com/s?k=Charms%20Blow%20Pops%20Cherry%20Lollipops%2048%20ct,https://www.ebay.com/sch/i.html?_nkw=Charms%20Blow%20Pops%20Cherry%20Lollipops%2048%20ct,https://www.google.com/search?q=Charms%20Blow%20Pops%20Cherry%20Lollipops%2048%20ct,https://seller.walmart.com/catalog/add-items?search=46234837,N/A,no,no,no,6,0,6,541,CYSS SALES & DISTRIBUTION LLC,mfn,$19.20,91,$19.20,$27.54,19.2,9.4,0.68,3.56 %,7.27 %,18.30,8.07,1,$53.97,N/A,$9.12,$5.45,0,$2.88,15.00%,$0.10,1,$0.69,$0.30 /lb,$0.69,$0.00,$0.00,$0.00,$0.00,0,$0.00,4.6,7,"For better accuracy, we’ve used dimensions from B000V8W9HS to provide more precise estimates","8.78, 7.40, 3.54 in, 2.29 lbs",8.78,7.40,3.54,2.29,N/A,Computer
"05/19/2025, 04:11 AM PDT","05/19/2025, 07:11 AM EDT","05/19/2025, 06:11 AM CDT","05/19/2025, 04:11 AM PDT",Beach Bucket Toys N' Treats: 12 Count,39577777,48014007530,One Size,1,Foreign Candy Company,Toys & Games,Sand Toys,Foreign Candy,N/A,N/A,https://i5.walmartimages.com/seo/Beach-Bucket-Toys-N-Treats-12-Count_dbb8ec27-6eb9-45c9-8c4b-72b015416580.c17033e7d7c21d8854be0b23c01ac28e.jpeg,,N/A,https://www.walmart.com/ip/39577777,40.2,N/A,https://www.amazon.com/s?k=Beach%20Bucket%20Toys%20N'%20Treats%3A%2012%20Count,https://www.ebay.com/sch/i.html?_nkw=Beach%20Bucket%20Toys%20N'%20Treats%3A%2012%20Count,https://www.google.com/search?q=Beach%20Bucket%20Toys%20N'%20Treats%3A%2012%20Count,https://seller.walmart.com/catalog/add-items?search=39577777,N/A,no,no,no,1,0,1,100,KLM Products Group,mfn,$72.86,100,$72.86,$72.86,72.86,40.2,21.73,29.83 %,54.06 %,47.20,49.54,1,NA,N/A,$10.93,$0.00,0,$10.93,15.00%,$0.00,1,$0.00,$0.30 /lb,$0.00,$0.00,$0.00,$0.00,$0.00,0,$0.00,,0,"For better accuracy, we’ve used dimensions from  to provide more precise estimates,3 or less sellers","0.00, 0.00, 0.00 in, 0.00 lbs",0.00,0.00,0.00,0.00,N/A,Computer
"05/19/2025, 04:12 AM PDT","05/19/2025, 07:12 AM EDT","05/19/2025, 06:12 AM CDT","05/19/2025, 04:12 AM PDT","Bear Naked Soft Baked Granola, Cacao + Cashew Butter, 11 Oz, Pack of 6",847016833,884623101647,N/A,N/A,Bear Naked,Grocery,Granola,N/A,N/A,N/A,https://i5.walmartimages.com/seo/Bear-Naked-Soft-Baked-Granola-Cacao-Cashew-Butter-11-Oz-Pack-of-6_2380d084-e9ff-47d1-9674-f53b9424be45_1.6b08bb965a93787f85cf7aaad514d2f4.jpeg,,N/A,https://www.walmart.com/ip/847016833,30.6,N/A,https://www.amazon.com/s?k=Bear%20Naked%20Soft%20Baked%20Granola%2C%20Cacao%20%2B%20Cashew%20Butter%2C%2011%20Oz%2C%20Pack%20of%206,https://www.ebay.com/sch/i.html?_nkw=Bear%20Naked%20Soft%20Baked%20Granola%2C%20Cacao%20%2B%20Cashew%20Butter%2C%2011%20Oz%2C%20Pack%20of%206,https://www.google.com/search?q=Bear%20Naked%20Soft%20Baked%20Granola%2C%20Cacao%20%2B%20Cashew%20Butter%2C%2011%20Oz%2C%20Pack%20of%206,https://seller.walmart.com/catalog/add-items?search=847016833,N/A,no,no,no,1,0,1,15,Everyday Supply Co,mfn,$51.94,15,$51.94,$51.94,51.94,30.6,13.55,26.09 %,44.28 %,35.90,35.32,1,NA,N/A,$7.79,$0.00,0,$7.79,15.00%,$0.00,1,$0.00,$0.30 /lb,$0.00,$0.00,$0.00,$0.00,$0.00,0,$0.00,,0,"For better accuracy, we’ve used dimensions from  to provide more precise estimates,3 or less sellers","0.00, 0.00, 0.00 in, 0.00 lbs",0.00,0.00,0.00,0.00,N/A,Computer
"05/19/2025, 04:13 AM PDT","05/19/2025, 07:13 AM EDT","05/19/2025, 06:13 AM CDT","05/19/2025, 04:13 AM PDT","BEAR Fruit Minis Raspberry/Blueberry 3.5 oz, 5 Count, No Sugar Added Fruit Snacks",266239254,817946020517,N/A,N/A,BEAR,Grocery,Fruit Snacks,BEAR YOYO,N/A,0817946020517,https://i5.walmartimages.com/seo/BEAR-Fruit-Minis-Raspberry-Blueberry-3-5-oz-5-Count-No-Sugar-Added-Fruit-Snacks_8ed284d4-6740-4a8a-9234-29eba66f7761.08c1336605436d8ddc29325f241df091.jpeg,,N/A,https://www.walmart.com/ip/266239254,3.87,https://www.amazon.com/dp/B09YL73HYM,https://www.amazon.com/s?k=BEAR%20Fruit%20Minis%20Raspberry%2FBlueberry%203.5%20oz%2C%205%20Count%2C%20No%20Sugar%20Added%20Fruit%20Snacks,https://www.ebay.com/sch/i.html?_nkw=BEAR%20Fruit%20Minis%20Raspberry%2FBlueberry%203.5%20oz%2C%205%20Count%2C%20No%20Sugar%20Added%20Fruit%20Snacks,https://www.google.com/search?q=BEAR%20Fruit%20Minis%20Raspberry%2FBlueberry%203.5%20oz%2C%205%20Count%2C%20No%20Sugar%20Added%20Fruit%20Snacks,https://seller.walmart.com/catalog/add-items?search=266239254,N/A,no,yes,no,3,0,3,24,Amazing.AHF,mfn,$12.98,5,$12.98,$13.94,12.98,3.87,4.52,34.81 %,116.75 %,9.05,6.71,1,$11.58,50+ units sold this month on Amazon,$4.59,$3.45,0,$1.04,8.00%,$0.03,1,$0.08,$0.30 /lb,$0.08,$0.00,$0.00,$0.00,$0.00,0,$0.00,,0,"Pulling package information from B09YL73HYM via amazon.com,3 or less sellers","5.67, 4.92, 2.09 in, 0.26 lbs",5.67,4.92,2.09,0.26,N/A,Computer
"05/19/2025, 04:15 AM PDT","05/19/2025, 07:15 AM EDT","05/19/2025, 06:15 AM CDT","05/19/2025, 04:15 AM PDT","Bear Naked Granola Cereal, Whole Grain Granola, Breakfast Snacks, Banana Nut Blend, 12oz Bag (1 Bag)",14169904,856416000178,N/A,N/A,Bear Naked,Grocery,Granola,N/A,N/A,856416000178,https://i5.walmartimages.com/seo/Bear-Naked-Granola-Cereal-Whole-Grain-Granola-Breakfast-Snacks-Banana-Nut-Blend-12oz-Bag-1-Bag_b298fc17-1356-4eb8-a249-af3dc07554c2.416d74ee44ef164667b2e6b8ea1434f4.jpeg,,N/A,https://www.walmart.com/ip/14169904,5.25,https://www.amazon.com/dp/B00822Z7FG,https://www.amazon.com/s?k=Bear%20Naked%20Granola%20Cereal%2C%20Whole%20Grain%20Granola%2C%20Breakfast%20Snacks%2C%20Banana%20Nut%20Blend%2C%2012oz%20Bag%20(1%20Bag),https://www.ebay.com/sch/i.html?_nkw=Bear%20Naked%20Granola%20Cereal%2C%20Whole%20Grain%20Granola%2C%20Breakfast%20Snacks%2C%20Banana%20Nut%20Blend%2C%2012oz%20Bag%20(1%20Bag),https://www.google.com/search?q=Bear%20Naked%20Granola%20Cereal%2C%20Whole%20Grain%20Granola%2C%20Breakfast%20Snacks%2C%20Banana%20Nut%20Blend%2C%2012oz%20Bag%20(1%20Bag),https://seller.walmart.com/catalog/add-items?search=14169904,N/A,no,no,no,1,0,1,32,Vitozon,mfn,$12.97,32,$12.97,$12.97,12.97,5.25,6.68,51.52 %,127.28 %,6.70,9.55,1,$51.87,N/A,$1.04,$0.00,0,$1.04,8.00%,$0.00,1,$0.00,$0.30 /lb,$0.00,$0.00,$0.00,$0.00,$0.00,0,$0.00,4.4,15,"For better accuracy, we’ve used dimensions from  to provide more precise estimates,3 or less sellers","0.00, 0.00, 0.00 in, 0.00 lbs",0.00,0.00,0.00,0.00,N/A,Computer
"05/19/2025, 04:16 AM PDT","05/19/2025, 07:16 AM EDT","05/19/2025, 06:16 AM CDT","05/19/2025, 04:16 AM PDT","Bear Real Fruit Yoyo Snack Apple, 3.5 Oz",605865082,817946020043,N/A,N/A,BEAR,Grocery,Fruit Snacks,LOTUS BAKERIES NORTH AMERICA,N/A,207162,https://i5.walmartimages.com/seo/Bear-Real-Fruit-Yoyo-Snack-Apple-3-5-Oz_169a5269-2810-4e11-8c66-19d466528ebc.6c2593a6fe29174a1615a51cb3e0128c.jpeg,,N/A,https://www.walmart.com/ip/605865082,3.87,https://www.amazon.com/dp/B078HLS3Q5,https://www.amazon.com/s?k=Bear%20Real%20Fruit%20Yoyo%20Snack%20Apple%2C%203.5%20Oz,https://www.ebay.com/sch/i.html?_nkw=Bear%20Real%20Fruit%20Yoyo%20Snack%20Apple%2C%203.5%20Oz,https://www.google.com/search?q=Bear%20Real%20Fruit%20Yoyo%20Snack%20Apple%2C%203.5%20Oz,https://seller.walmart.com/catalog/add-items?search=605865082,N/A,no,no,no,1,0,1,108,iHerb,mfn,$12.03,108,$12.03,$12.03,12.03,3.87,3.63,30.20 %,93.88 %,9.10,6.00,1,$9.45,50+ units sold this month on Amazon,$4.53,$3.45,0,$0.96,8.00%,$0.03,1,$0.09,$0.30 /lb,$0.09,$0.00,$0.00,$0.00,$0.00,0,$0.00,4.7,185,"Pulling package information from B078HLS3Q5 via amazon.com,3 or less sellers","5.79, 5.67, 1.93 in, 0.29 lbs",5.79,5.67,1.93,0.29,N/A,Computer
"05/19/2025, 04:17 AM PDT","05/19/2025, 07:17 AM EDT","05/19/2025, 06:17 AM CDT","05/19/2025, 04:17 AM PDT","BEAR Fruit Snacks Rolls Mango, 5 Count, 3.5oz, Non-GMO, Gluten Free, Vegan, No Added Sugar",974093512,817946020050,N/A,N/A,BEAR,Grocery,Fruit Snacks,LOTUS BAKERIES,N/A,207165,https://i5.walmartimages.com/seo/BEAR-Fruit-Snacks-Rolls-Mango-5-Count-3-5oz-Non-GMO-Gluten-Free-Vegan-No-Added-Sugar_33911eba-a381-4daf-b916-22998ea19134.b6d0bbdddd97f89cf1681d6bead84dfe.png,,N/A,https://www.walmart.com/ip/974093512,3.87,https://www.amazon.com/dp/B078HLYRKB,https://www.amazon.com/s?k=BEAR%20Fruit%20Snacks%20Rolls%20Mango%2C%205%20Count%2C%203.5oz%2C%20Non-GMO%2C%20Gluten%20Free%2C%20Vegan%2C%20No%20Added%20Sugar,https://www.ebay.com/sch/i.html?_nkw=BEAR%20Fruit%20Snacks%20Rolls%20Mango%2C%205%20Count%2C%203.5oz%2C%20Non-GMO%2C%20Gluten%20Free%2C%20Vegan%2C%20No%20Added%20Sugar,https://www.google.com/search?q=BEAR%20Fruit%20Snacks%20Rolls%20Mango%2C%205%20Count%2C%203.5oz%2C%20Non-GMO%2C%20Gluten%20Free%2C%20Vegan%2C%20No%20Added%20Sugar,https://seller.walmart.com/catalog/add-items?search=974093512,N/A,yes,no,no,1,0,1,60,iHerb,mfn,$12.04,60,$12.04,$12.04,12.04,3.87,3.64,30.22 %,94.03 %,9.10,6.01,1,$6.95,50+ units sold this month on Amazon,$4.53,$3.45,0,$0.96,8.00%,$0.02,1,$0.09,$0.30 /lb,$0.09,$0.00,$0.00,$0.00,$0.00,0,$0.00,4.1,49,"Pulling package information from B078HLYRKB via amazon.com,3 or less sellers","6.06, 5.71, 1.65 in, 0.31 lbs",6.06,5.71,1.65,0.31,N/A,Computer
"05/19/2025, 04:18 AM PDT","05/19/2025, 07:18 AM EDT","05/19/2025, 06:18 AM CDT","05/19/2025, 04:18 AM PDT","Bear Yoyo: Mango Fruit Rolls Single, 0.7 Oz",977671046,817946020012,N/A,N/A,BEAR,Grocery,Fruit Snacks,The Big Cave,N/A,KHFM00306772,https://i5.walmartimages.com/seo/Bear-Yoyo-Mango-Fruit-Rolls-Single-0-7-Oz_45fae2dc-1c18-4de8-bd80-38ed208b854d.6ff56d2d2f31946b09e755d239d394bc.jpeg,,N/A,https://www.walmart.com/ip/977671046,0.92,https://www.amazon.com/dp/B078HJZR4H,https://www.amazon.com/s?k=Bear%20Yoyo%3A%20Mango%20Fruit%20Rolls%20Single%2C%200.7%20Oz,https://www.ebay.com/sch/i.html?_nkw=Bear%20Yoyo%3A%20Mango%20Fruit%20Rolls%20Single%2C%200.7%20Oz,https://www.google.com/search?q=Bear%20Yoyo%3A%20Mango%20Fruit%20Rolls%20Single%2C%200.7%20Oz,https://seller.walmart.com/catalog/add-items?search=977671046,N/A,no,no,no,0,0,0,0,N/A,N/A,0,,,Price,6.03,0.92,0.16,2.70 %,17.71 %,5.75,0.87,1,$6.91,N/A,$4.95,$3.45,0,$0.48,8.00%,$0.00,1,$1.01,$0.30 /lb,$0.01,$0.00,$0.00,$0.00,$0.00,0,$0.00,,0,"Pulling package information from B078HJZR4H via amazon.com,3 or less sellers","5.75, 2.76, 0.39 in, 0.04 lbs",5.75,2.76,0.39,0.04,N/A,Computer
"05/19/2025, 04:20 AM PDT","05/19/2025, 07:20 AM EDT","05/19/2025, 06:20 AM CDT","05/19/2025, 04:20 AM PDT","BEAR Fruit Snack Rolls Raspberry, 5 count, 3.5oz, Non-GMO, Gluten-Free, Vegan, Kosher. 100% all natural fruit snacks with no added sugar.",777379038,817946020067,N/A,N/A,BEAR,Grocery,Fruit Snacks,Anna's Ginger Cookies,N/A,207164,https://i5.walmartimages.com/seo/BEAR-Fruit-Snack-Rolls-Raspberry-5-count-3-5oz-Non-GMO-Gluten-Free-Vegan-Kosher-100-all-natural-fruit-snacks-with-no-added-sugar_ec10431f-01f6-4b91-81b1-5cf4250f1449.9afebc127fb17f582b19d5dcaf92e88e.jpeg,,N/A,https://www.walmart.com/ip/777379038,3.87,https://www.amazon.com/dp/B078HJZR4G,https://www.amazon.com/s?k=BEAR%20Fruit%20Snack%20Rolls%20Raspberry%2C%205%20count%2C%203.5oz%2C%20Non-GMO%2C%20Gluten-Free%2C%20Vegan%2C%20Kosher.%20100%25%20all%20natural%20fruit%20snacks%20with%20no%20added%20sugar.,https://www.ebay.com/sch/i.html?_nkw=BEAR%20Fruit%20Snack%20Rolls%20Raspberry%2C%205%20count%2C%203.5oz%2C%20Non-GMO%2C%20Gluten-Free%2C%20Vegan%2C%20Kosher.%20100%25%20all%20natural%20fruit%20snacks%20with%20no%20added%20sugar.,https://www.google.com/search?q=BEAR%20Fruit%20Snack%20Rolls%20Raspberry%2C%205%20count%2C%203.5oz%2C%20Non-GMO%2C%20Gluten-Free%2C%20Vegan%2C%20Kosher.%20100%25%20all%20natural%20fruit%20snacks%20with%20no%20added%20sugar.,https://seller.walmart.com/catalog/add-items?search=777379038,N/A,no,yes,no,3,1,2,12,Disguiser Express Mart,mfn,$12.50,1,$12.50,$15.47,12.5,3.87,4.03,32.26 %,104.19 %,9.10,6.32,1,$6.00,10k+ units sold this month on Amazon,$4.60,$3.45,0,$1.00,8.00%,$0.05,1,$0.09,$0.30 /lb,$0.09,$0.00,$0.00,$0.00,$0.00,0,$0.00,4.4,104,"Pulling package information from B078HJZR4G via amazon.com,3 or less sellers","9.21, 7.91, 1.73 in, 0.31 lbs",9.21,7.91,1.73,0.31,N/A,Computer
"05/19/2025, 04:23 AM PDT","05/19/2025, 07:23 AM EDT","05/19/2025, 06:23 AM CDT","05/19/2025, 04:23 AM PDT","Bear Bear  Yo Yos, 0.7 oz",119325830,817946020036,N/A,N/A,Bear Bear,Grocery,Fruit Snacks,Bear Nibbles,N/A,N/A,https://i5.walmartimages.com/seo/Bear-Bear-Yo-Yos-0-7-oz_190fff25-aa4f-48cf-8b54-73b315c7f698.c3620f65fe55dd4b371542736f2773aa.jpeg,,N/A,https://www.walmart.com/ip/119325830,0.92,https://www.amazon.com/dp/B078HJHWGD,https://www.amazon.com/s?k=Bear%20Bear%20%20Yo%20Yos%2C%200.7%20oz,https://www.ebay.com/sch/i.html?_nkw=Bear%20Bear%20%20Yo%20Yos%2C%200.7%20oz,https://www.google.com/search?q=Bear%20Bear%20%20Yo%20Yos%2C%200.7%20oz,https://seller.walmart.com/catalog/add-items?search=119325830,N/A,yes,no,no,1,0,1,5,ABLEXIQUE LLC,mfn,$7.45,5,$7.45,$7.45,7.45,0.92,1.46,19.64 %,159.07 %,5.80,1.91,1,$3.92,50+ units sold this month on Amazon,$5.07,$3.45,0,$0.60,8.00%,$0.00,1,$1.02,$0.30 /lb,$0.02,$0.00,$0.00,$0.00,$0.00,0,$0.00,3,2,"Pulling package information from B078HJHWGD via amazon.com,3 or less sellers","5.31, 2.60, 0.43 in, 0.06 lbs",5.31,2.60,0.43,0.06,N/A,Computer
"05/19/2025, 04:31 AM PDT","05/19/2025, 07:31 AM EDT","05/19/2025, 06:31 AM CDT","05/19/2025, 04:31 AM PDT",Bechtle Homemade Broad Egg Noodles in Bag,37620526,658842652170,N/A,N/A,Bechtle,Grocery,Noodles,N/A,N/A,1079532,https://i5.walmartimages.com/seo/Bechtle-Homemade-Broad-Egg-Noodles_53399044-4ca6-45af-8217-7e06a3148b0b.9152c47fe12ac8b6571c716ba9fe49a1.jpeg,,N/A,https://www.walmart.com/ip/37620526,4.19,https://www.amazon.com/dp/B002HQMA4O,https://www.amazon.com/s?k=Bechtle%20Homemade%20Broad%20Egg%20Noodles%20in%20Bag,https://www.ebay.com/sch/i.html?_nkw=Bechtle%20Homemade%20Broad%20Egg%20Noodles%20in%20Bag,https://www.google.com/search?q=Bechtle%20Homemade%20Broad%20Egg%20Noodles%20in%20Bag,https://seller.walmart.com/catalog/add-items?search=37620526,N/A,no,no,no,1,1,0,12,Up Arrow,wfs,$11.89,12,$11.89,$11.89,11.89,4.19,1.36,11.47 %,32.56 %,10.30,4.44,1,$9.48,500+ units sold this month on Amazon,$6.34,$4.95,0,$0.95,8.00%,$0.10,1,$0.34,$0.30 /lb,$0.34,$0.00,$0.00,$0.00,$0.00,0,$0.00,5,1,"Pulling package information from B002HQMA4O via amazon.com,3 or less sellers","10.98, 5.71, 3.62 in, 1.12 lbs",10.98,5.71,3.62,1.12,N/A,Computer
"05/19/2025, 04:33 AM PDT","05/19/2025, 07:33 AM EDT","05/19/2025, 06:33 AM CDT","05/19/2025, 04:33 AM PDT","Bechtle Spaetzle (Traditional German Egg Noodles) Farmers Style, 17.6-Ounce Bags (Pack of 12)",31002674,658842652040,N/A,N/A,Bechtle,Grocery,Noodles,N/A,N/A,1079557,https://i5.walmartimages.com/seo/Bechtle-Spaetzle-Traditional-German-Egg-Noodles-Farmers-Style-17-6-Ounce-Bags-Pack-of-12_5986c7ee-5594-4f3e-a513-c2657e857115_1.d29abf82f9cec146d19cfad386cea137.jpeg,,N/A,https://www.walmart.com/ip/31002674,50.28,https://www.amazon.com/dp/B00DGDJ1L2,https://www.amazon.com/s?k=Bechtle%20Spaetzle%20(Traditional%20German%20Egg%20Noodles)%20Farmers%20Style%2C%2017.6-Ounce%20Bags%20(Pack%20of%2012),https://www.ebay.com/sch/i.html?_nkw=Bechtle%20Spaetzle%20(Traditional%20German%20Egg%20Noodles)%20Farmers%20Style%2C%2017.6-Ounce%20Bags%20(Pack%20of%2012),https://www.google.com/search?q=Bechtle%20Spaetzle%20(Traditional%20German%20Egg%20Noodles)%20Farmers%20Style%2C%2017.6-Ounce%20Bags%20(Pack%20of%2012),https://seller.walmart.com/catalog/add-items?search=31002674,N/A,no,no,no,6,0,6,184,UnbeatableSale Local,mfn,$75.26,16,$75.26,$95.86,75.26,50.28,7.66,10.17 %,15.23 %,66.15,46.35,1,$12.26,N/A,$17.32,$5.45,0,$11.29,15.00%,$0.11,1,$0.47,$0.30 /lb,$0.47,$0.00,$0.00,$0.00,$0.00,0,$0.00,3.7,3,Pulling package information from B00DGDJ1L2 via amazon.com,"11.42, 5.51, 4.13 in, 1.57 lbs",11.42,5.51,4.13,1.57,N/A,Computer
"05/19/2025, 04:35 AM PDT","05/19/2025, 07:35 AM EDT","05/19/2025, 06:35 AM CDT","05/19/2025, 04:35 AM PDT",Bee Free - Warrior Mix Auggy's Original Mix,959271359,861509000133,N/A,N/A,Bee Free,Grocery,Granola,N/A,N/A,ORIGINAL9OZ,https://i5.walmartimages.com/seo/Bee-Free-Warrior-Mix-Auggy-s-Original-Mix_d22229e3-b8aa-4ca1-b619-f6c9135cdf3b.85fa388572ac20cb7d65b922f0e4b704.jpeg,,N/A,https://www.walmart.com/ip/959271359,7.19,https://www.amazon.com/dp/B01MYA0T9Q,https://www.amazon.com/s?k=Bee%20Free%20-%20Warrior%20Mix%20Auggy's%20Original%20Mix,https://www.ebay.com/sch/i.html?_nkw=Bee%20Free%20-%20Warrior%20Mix%20Auggy's%20Original%20Mix,https://www.google.com/search?q=Bee%20Free%20-%20Warrior%20Mix%20Auggy's%20Original%20Mix,https://seller.walmart.com/catalog/add-items?search=959271359,N/A,yes,no,no,1,0,1,12,Stirs,mfn,$16.00,12,$16.00,$16.00,16,7.19,2.72,17.02 %,37.88 %,11.75,7.93,1,$9.89,50+ units sold this month on Amazon,$6.09,$3.45,0,$2.40,15.00%,$0.06,1,$0.18,$0.30 /lb,$0.18,$0.00,$0.00,$0.00,$0.00,0,$0.00,,0,"Pulling package information from B01MYA0T9Q via amazon.com,3 or less sellers","8.46, 6.06, 2.52 in, 0.60 lbs",8.46,6.06,2.52,0.60,N/A,Computer
"05/19/2025, 04:35 AM PDT","05/19/2025, 07:35 AM EDT","05/19/2025, 06:35 AM CDT","05/19/2025, 04:35 AM PDT","Beefree 293906 9 oz Granola Chocolate Buzz, Pack of 6",121605032,861509000119,N/A,N/A,BeeFree,Grocery,Granola,N/A,N/A,CHOCO6OZ,https://i5.walmartimages.com/seo/Beefree-293906-9-oz-Granola-Chocolate-Buzz-Pack-of-6_5d316e1f-f1cc-4f4f-9e6c-8bea9687620d.734eca4a3b984236e1cbf5ec1b85cec3.jpeg,,N/A,https://www.walmart.com/ip/121605032,43.14,https://www.amazon.com/dp/B01N5CL4GG,https://www.amazon.com/s?k=Beefree%20293906%209%20oz%20Granola%20Chocolate%20Buzz%2C%20Pack%20of%206,https://www.ebay.com/sch/i.html?_nkw=Beefree%20293906%209%20oz%20Granola%20Chocolate%20Buzz%2C%20Pack%20of%206,https://www.google.com/search?q=Beefree%20293906%209%20oz%20Granola%20Chocolate%20Buzz%2C%20Pack%20of%206,https://seller.walmart.com/catalog/add-items?search=121605032,N/A,no,no,no,2,0,2,32,UnbeatableSale Local,mfn,$68.51,16,$68.51,$69.40,68.51,43.14,11.42,16.67 %,26.48 %,55.00,43.65,1,$9.89,N/A,$13.95,$3.45,0,$10.28,15.00%,$0.04,1,$0.18,$0.30 /lb,$0.18,$0.00,$0.00,$0.00,$0.00,0,$0.00,,0,"Pulling package information from B01N5CL4GG via amazon.com,3 or less sellers","8.03, 6.50, 1.85 in, 0.60 lbs",8.03,6.50,1.85,0.60,N/A,Computer
"05/19/2025, 04:38 AM PDT","05/19/2025, 07:38 AM EDT","05/19/2025, 06:38 AM CDT","05/19/2025, 04:38 AM PDT",Beeman Chewing Gum - 20 Individual Packs of 5 Sticks per Pack,192429959,86232910188,N/A,N/A,Beeman,Grocery,Chewing Gum,N/A,N/A,N/A,https://i5.walmartimages.com/seo/Beeman-Chewing-Gum-20-Individual-Packs-of-5-Sticks-per-Pack_3e68cd6b-bb12-4602-869c-96ffd8066afa.c76750a2129df064507244b1d14cc102.jpeg,,N/A,https://www.walmart.com/ip/192429959,10,https://www.amazon.com/dp/B09K8K2DNJ,https://www.amazon.com/s?k=Beeman%20Chewing%20Gum%20-%2020%20Individual%20Packs%20of%205%20Sticks%20per%20Pack,https://www.ebay.com/sch/i.html?_nkw=Beeman%20Chewing%20Gum%20-%2020%20Individual%20Packs%20of%205%20Sticks%20per%20Pack,https://www.google.com/search?q=Beeman%20Chewing%20Gum%20-%2020%20Individual%20Packs%20of%205%20Sticks%20per%20Pack,https://seller.walmart.com/catalog/add-items?search=192429959,N/A,no,no,no,4,1,3,232,SAI CANDY & BEYOND,wfs,$16.25,10,$16.25,$16.67,16.25,10,3.81,23.46 %,38.13 %,10.80,11.05,1,OOS,N/A,$2.44,$0.00,0,$2.44,15.00%,$0.00,1,$0.00,$0.30 /lb,$0.00,$0.00,$0.00,$0.00,$0.00,0,$0.00,1,1,"For better accuracy, we’ve used dimensions from  to provide more precise estimates","0.00, 0.00, 0.00 in, 0.00 lbs",0.00,0.00,0.00,0.00,N/A,Computer
"05/19/2025, 04:39 AM PDT","05/19/2025, 07:39 AM EDT","05/19/2025, 06:39 AM CDT","05/19/2025, 04:39 AM PDT",Beemans Chewing Gum Tin,443457354,86232910300,One Size Fits All,1,Fox Valley Traders,Grocery,Chewing Gum,N/A,N/A,N/A,https://i5.walmartimages.com/seo/Beemans-Chewing-Gum-Tin_a70d80e3-a927-4f83-ad0a-48293b4b3fa5_1.f027e49b6323c5fa014a5f9b3ea971a8.jpeg,,N/A,https://www.walmart.com/ip/443457354,5.45,https://www.amazon.com/dp/B081M9LDXD,https://www.amazon.com/s?k=Beemans%20Chewing%20Gum%20Tin,https://www.ebay.com/sch/i.html?_nkw=Beemans%20Chewing%20Gum%20Tin,https://www.google.com/search?q=Beemans%20Chewing%20Gum%20Tin,https://seller.walmart.com/catalog/add-items?search=443457354,N/A,no,no,no,2,2,0,68,SAI CANDY & BEYOND,wfs,$14.75,33,$14.75,$14.99,14.75,5.45,4.47,30.30 %,81.99 %,10.00,7.93,1,$9.47,50+ units sold this month on Amazon,$4.83,$3.45,0,$1.18,8.00%,$0.02,1,$0.19,$0.30 /lb,$0.19,$0.00,$0.00,$0.00,$0.00,0,$0.00,,0,"Pulling package information from B081M9LDXD via amazon.com,3 or less sellers","6.06, 4.65, 1.26 in, 0.62 lbs",6.06,4.65,1.26,0.62,N/A,Computer
"05/19/2025, 04:43 AM PDT","05/19/2025, 07:43 AM EDT","05/19/2025, 06:43 AM CDT","05/19/2025, 04:43 AM PDT","Gerrit Sugar Free Beemans Chewing Gum, 20 Piece Tube - 12 Count Display Box",6165223855,86232911376,Beemans,4,Gerrit Verburg,Grocery,Chewing Gum,N/A,N/A,N/A,https://i5.walmartimages.com/seo/Gerrit-Sugar-Free-Beemans-Chewing-Gum-20-Piece-Tube-12-Count-Display-Box_e124ff7b-c0b5-4a90-bf64-f02aea13cd6b.4160e989c30f01fab4a931be502820f3.jpeg,,N/A,https://www.walmart.com/ip/6165223855,14.64,N/A,https://www.amazon.com/s?k=Gerrit%20Sugar%20Free%20Beemans%20Chewing%20Gum%2C%2020%20Piece%20Tube%20-%2012%20Count%20Display%20Box,https://www.ebay.com/sch/i.html?_nkw=Gerrit%20Sugar%20Free%20Beemans%20Chewing%20Gum%2C%2020%20Piece%20Tube%20-%2012%20Count%20Display%20Box,https://www.google.com/search?q=Gerrit%20Sugar%20Free%20Beemans%20Chewing%20Gum%2C%2020%20Piece%20Tube%20-%2012%20Count%20Display%20Box,https://seller.walmart.com/catalog/add-items?search=6165223855,N/A,no,no,no,3,1,2,43,SAI CANDY & BEYOND,wfs,$22.97,19,$22.97,$24.99,22.97,14.64,4.88,21.26 %,33.36 %,17.15,15.62,1,NA,N/A,$3.45,$0.00,0,$3.45,15.00%,$0.00,1,$0.00,$0.30 /lb,$0.00,$0.00,$0.00,$0.00,$0.00,0,$0.00,,0,"The listing has 4 variations,For better accuracy, we’ve used dimensions from  to provide more precise estimates,3 or less sellers","0.00, 0.00, 0.00 in, 0.00 lbs",0.00,0.00,0.00,0.00,N/A,Computer
"05/19/2025, 04:49 AM PDT","05/19/2025, 07:49 AM EDT","05/19/2025, 06:49 AM CDT","05/19/2025, 04:49 AM PDT",Beer Nuts 06610 Original Peanuts w/ Unique Sweet & Salty Flavor - 12 oz. Pouch,5113452489,70842166103,N/A,N/A,Beer Nuts,Grocery,Edible Nuts,N/A,N/A,N/A,https://i5.walmartimages.com/seo/Beer-Nuts-06610-Original-Peanuts-w-Unique-Sweet-Salty-Flavor-12-oz-Pouch_af7f10f3-1735-4f12-815b-5e9793eb823d.e6d2740ffaa8793ba03ad5eeb9737159.jpeg,,N/A,https://www.walmart.com/ip/5113452489,3.59,N/A,https://www.amazon.com/s?k=Beer%20Nuts%2006610%20Original%20Peanuts%20w%2F%20Unique%20Sweet%20%26%20Salty%20Flavor%20-%2012%20oz.%20Pouch,https://www.ebay.com/sch/i.html?_nkw=Beer%20Nuts%2006610%20Original%20Peanuts%20w%2F%20Unique%20Sweet%20%26%20Salty%20Flavor%20-%2012%20oz.%20Pouch,https://www.google.com/search?q=Beer%20Nuts%2006610%20Original%20Peanuts%20w%2F%20Unique%20Sweet%20%26%20Salty%20Flavor%20-%2012%20oz.%20Pouch,https://seller.walmart.com/catalog/add-items?search=5113452489,N/A,no,no,no,0,0,0,0,N/A,N/A,0,,,Price,19.99,3.59,13.4,67.04 %,373.30 %,4.90,13.59,1,NA,N/A,$3.00,$0.00,0,$3.00,15.00%,$0.00,1,$0.00,$0.30 /lb,$0.00,$0.00,$0.00,$0.00,$0.00,0,$0.00,,0,"For better accuracy, we’ve used dimensions from  to provide more precise estimates,3 or less sellers","0.00, 0.00, 0.00 in, 0.00 lbs",0.00,0.00,0.00,0.00,N/A,Computer
"05/19/2025, 04:58 AM PDT","05/19/2025, 07:58 AM EDT","05/19/2025, 06:58 AM CDT","05/19/2025, 04:58 AM PDT","Lady Fingers for Tiramisu, 12 Pack, 200g (7 OZ) Each, Shelf Stable Bulk Savoiardi Case, Ladyfingers Cookies for Tiramisu, Ideal for Bakeries and Food Service Made in Italy - Bell'Amore",16404101526,762232831523,N/A,N/A,fnxnzpyd,Grocery,Cookies,N/A,N/A,N/A,https://i5.walmartimages.com/seo/Lady-Fingers-Tiramisu-12-Pack-200g-7-OZ-Each-Shelf-Stable-Bulk-Savoiardi-Case-Ladyfingers-Cookies-Tiramisu-Ideal-Bakeries-Food-Service-Made-Italy-Bel_4075d736-ec2e-48e2-8573-04c9a30490f8.70596ba1d7e28e6655e73d0c896389f0.jpeg,,N/A,https://www.walmart.com/ip/16404101526,27.6,N/A,https://www.amazon.com/s?k=Lady%20Fingers%20for%20Tiramisu%2C%2012%20Pack%2C%20200g%20(7%20OZ)%20Each%2C%20Shelf%20Stable%20Bulk%20Savoiardi%20Case%2C%20Ladyfingers%20Cookies%20for%20Tiramisu%2C%20Ideal%20for%20Bakeries%20and%20Food%20Service%20Made%20in%20Italy%20-%20Bell'Amore,https://www.ebay.com/sch/i.html?_nkw=Lady%20Fingers%20for%20Tiramisu%2C%2012%20Pack%2C%20200g%20(7%20OZ)%20Each%2C%20Shelf%20Stable%20Bulk%20Savoiardi%20Case%2C%20Ladyfingers%20Cookies%20for%20Tiramisu%2C%20Ideal%20for%20Bakeries%20and%20Food%20Service%20Made%20in%20Italy%20-%20Bell'Amore,https://www.google.com/search?q=Lady%20Fingers%20for%20Tiramisu%2C%2012%20Pack%2C%20200g%20(7%20OZ)%20Each%2C%20Shelf%20Stable%20Bulk%20Savoiardi%20Case%2C%20Ladyfingers%20Cookies%20for%20Tiramisu%2C%20Ideal%20for%20Bakeries%20and%20Food%20Service%20Made%20in%20Italy%20-%20Bell'Amore,https://seller.walmart.com/catalog/add-items?search=16404101526,N/A,no,no,no,1,0,1,10,wangyucheng,mfn,$71.87,10,$71.87,$71.87,71.87,27.6,33.49,46.60 %,121.34 %,32.40,48.87,1,NA,N/A,$10.78,$0.00,0,$10.78,15.00%,$0.00,1,$0.00,$0.30 /lb,$0.00,$0.00,$0.00,$0.00,$0.00,0,$0.00,,0,"For better accuracy, we’ve used dimensions from  to provide more precise estimates,3 or less sellers","0.00, 0.00, 0.00 in, 0.00 lbs",0.00,0.00,0.00,0.00,N/A,Computer
"05/20/2025, 12:11 AM PDT","05/20/2025, 03:11 AM EDT","05/20/2025, 02:11 AM CDT","05/20/2025, 12:11 AM PDT",Belvoir Elderflower & Rose Cordial 500ml,620604097,698781731178,N/A,N/A,Belvoir,Grocery,Juices,Belvoir,N/A,N/A,https://i5.walmartimages.com/seo/Belvoir-Elderflower-Rose-Cordial-500ml_41c7e8b0-6046-4ebf-9f02-7dd089a2b031.8ecb92f384cdb5fae0571ebeb767211c.jpeg,,N/A,https://www.walmart.com/ip/620604097,8.3,N/A,https://www.amazon.com/s?k=Belvoir%20Elderflower%20%26%20Rose%20Cordial%20500ml,https://www.ebay.com/sch/i.html?_nkw=Belvoir%20Elderflower%20%26%20Rose%20Cordial%20500ml,https://www.google.com/search?q=Belvoir%20Elderflower%20%26%20Rose%20Cordial%20500ml,https://seller.walmart.com/catalog/add-items?search=620604097,N/A,no,no,no,2,0,2,104,Mialo Trusted Trader,mfn,$19.00,4,$19.00,$19.37,19,8.3,1.71,9.02 %,20.64 %,16.90,8.01,1,NA,N/A,$8.99,$5.45,0,$2.85,15.00%,$0.03,1,$0.66,$0.30 /lb,$0.66,$0.00,$0.00,$0.00,$0.00,0,$0.00,,0,"For better accuracy, we’ve used dimensions from B0BXFG3SSG to provide more precise estimates,3 or less sellers","3.94, 3.94, 3.94 in, 2.20 lbs",3.94,3.94,3.94,2.20,N/A,Computer
"05/20/2025, 12:27 AM PDT","05/20/2025, 03:27 AM EDT","05/20/2025, 02:27 AM CDT","05/20/2025, 12:27 AM PDT","Belvoir Fruit Farms, Belvoir Organic Elderberry & Rose Lemonade, 25.4 Fl Ozbottle",952540865,838724000170,N/A,N/A,Belvoir,Grocery,Juices,"WORLD FINER FOODS, LLC",N/A,HG2182947,https://i5.walmartimages.com/seo/Belvoir-Fruit-Farms-Belvoir-Organic-Elderberry-Rose-Lemonade-25-4-Fl-Ozbottle_aad92cce-2ebd-4081-a2f1-dbf6ef8c6987_1.819bb81bdbbc83aac9de835bcdc3275f.jpeg,,N/A,https://www.walmart.com/ip/952540865,5.14,https://www.amazon.com/dp/B07FYDP1Z2,https://www.amazon.com/s?k=Belvoir%20Fruit%20Farms%2C%20Belvoir%20Organic%20Elderberry%20%26%20Rose%20Lemonade%2C%2025.4%20Fl%20Ozbottle,https://www.ebay.com/sch/i.html?_nkw=Belvoir%20Fruit%20Farms%2C%20Belvoir%20Organic%20Elderberry%20%26%20Rose%20Lemonade%2C%2025.4%20Fl%20Ozbottle,https://www.google.com/search?q=Belvoir%20Fruit%20Farms%2C%20Belvoir%20Organic%20Elderberry%20%26%20Rose%20Lemonade%2C%2025.4%20Fl%20Ozbottle,https://seller.walmart.com/catalog/add-items?search=952540865,N/A,no,no,no,0,0,0,0,N/A,N/A,0,,,Price,14.58,5.14,1.52,10.44 %,29.62 %,12.85,5.33,1,$14.95,100+ units sold this month on Amazon,$7.92,$5.75,0,$1.17,8.00%,$0.15,1,$0.85,$0.30 /lb,$0.85,$0.00,$0.00,$0.00,$0.00,0,$0.00,3,2,"Pulling package information from B07FYDP1Z2 via amazon.com,3 or less sellers","13.62, 5.67, 4.45 in, 2.84 lbs",13.62,5.67,4.45,2.84,N/A,Computer
"05/20/2025, 12:30 AM PDT","05/20/2025, 03:30 AM EDT","05/20/2025, 02:30 AM CDT","05/20/2025, 12:30 AM PDT","Belvoir Belvoir Fruit Farms  Ginger Beer, 25.4 oz",43336595,838724000194,N/A,N/A,Belvoir Farm,Grocery,Soda Pop,N/A,N/A,HG1880079,https://i5.walmartimages.com/seo/Belvoir-Belvoir-Fruit-Farms-Ginger-Beer-25-4-oz_0e225e47-3d8f-4f3b-ba65-d4beeb03a8a0.59920195f855381bddd79fbf10affe3e.jpeg,,N/A,https://www.walmart.com/ip/43336595,5.14,https://www.amazon.com/dp/B00HLT9EKK,https://www.amazon.com/s?k=Belvoir%20Belvoir%20Fruit%20Farms%20%20Ginger%20Beer%2C%2025.4%20oz,https://www.ebay.com/sch/i.html?_nkw=Belvoir%20Belvoir%20Fruit%20Farms%20%20Ginger%20Beer%2C%2025.4%20oz,https://www.google.com/search?q=Belvoir%20Belvoir%20Fruit%20Farms%20%20Ginger%20Beer%2C%2025.4%20oz,https://seller.walmart.com/catalog/add-items?search=43336595,N/A,no,no,no,0,0,0,0,N/A,N/A,0,,,Price,19.99,5.14,5.11,25.56 %,99.41 %,12.85,8.20,1,$18.58,N/A,$9.74,$5.75,0,$3.00,15.00%,$0.16,1,$0.83,$0.30 /lb,$0.83,$0.00,$0.00,$0.00,$0.00,0,$0.00,,0,"Pulling package information from B00HLT9EKK via amazon.com,3 or less sellers","15.39, 4.92, 4.80 in, 2.78 lbs",15.39,4.92,4.80,2.78,N/A,Computer
"05/20/2025, 12:33 AM PDT","05/20/2025, 03:33 AM EDT","05/20/2025, 02:33 AM CDT","05/20/2025, 12:33 AM PDT",Berg Bites - Plant Protein Crunch - Box of 8,2486750698,868933000487,Almond Butter and Jelly,4,Berg Bites,Health & Personal Care,Protein Supplements,Berg Bites,N/A,N/A,https://i5.walmartimages.com/seo/Berg-Bites-Plant-Protein-Crunch-Box-of-8_26d4f1ee-d42b-4191-bdd1-c3f8e49c6565.4de82838caad69d4bbe15c16f1481012.jpeg,,N/A,https://www.walmart.com/ip/2486750698,13.76,https://www.amazon.com/dp/B07RQ95Y42,https://www.amazon.com/s?k=Berg%20Bites%20-%20Plant%20Protein%20Crunch%20-%20Box%20of%208,https://www.ebay.com/sch/i.html?_nkw=Berg%20Bites%20-%20Plant%20Protein%20Crunch%20-%20Box%20of%208,https://www.google.com/search?q=Berg%20Bites%20-%20Plant%20Protein%20Crunch%20-%20Box%20of%208,https://seller.walmart.com/catalog/add-items?search=2486750698,N/A,no,no,no,1,0,1,5,Valet Seller Services LLC,mfn,$29.99,5,$29.99,$29.99,29.99,13.76,6.43,21.45 %,46.75 %,22.35,16.15,1,OOS,N/A,$9.80,$4.95,0,$4.50,15.00%,$0.05,1,$0.30,$0.30 /lb,$0.30,$0.00,$0.00,$0.00,$0.00,0,$0.00,,0,"The listing has 4 variations,Pulling package information from B07RQ95Y42 via amazon.com,3 or less sellers","7.80, 4.61, 3.11 in, 1.00 lbs",7.80,4.61,3.11,1.00,N/A,Computer
"05/20/2025, 12:35 AM PDT","05/20/2025, 03:35 AM EDT","05/20/2025, 02:35 AM CDT","05/20/2025, 12:35 AM PDT",Berg Bars - Plant Protein Crunch - Box of 8,2514874515,860190001030,Almond Butter and Jelly,4,Berg Bites,Health & Personal Care,"Nutrition Bars, Gels & Chews",N/A,N/A,N/A,https://i5.walmartimages.com/seo/Berg-Bars-Plant-Protein-Crunch-Box-of-8_d099990e-6fc9-48ce-a385-da6fdd5a5977.93bc67c640c96160d3288a0472dc9855.jpeg,,N/A,https://www.walmart.com/ip/2514874515,16.88,https://www.amazon.com/dp/B08PD66R4C,https://www.amazon.com/s?k=Berg%20Bars%20-%20Plant%20Protein%20Crunch%20-%20Box%20of%208,https://www.ebay.com/sch/i.html?_nkw=Berg%20Bars%20-%20Plant%20Protein%20Crunch%20-%20Box%20of%208,https://www.google.com/search?q=Berg%20Bars%20-%20Plant%20Protein%20Crunch%20-%20Box%20of%208,https://seller.walmart.com/catalog/add-items?search=2514874515,N/A,no,no,no,1,0,1,53,Valet Seller Services LLC,mfn,$34.99,53,$34.99,$34.99,34.99,16.88,9.37,26.78 %,55.50 %,23.90,21.00,1,$5.49,N/A,$8.74,$3.45,0,$5.25,15.00%,$0.00,1,$0.04,$0.30 /lb,$0.04,$0.00,$0.00,$0.00,$0.00,0,$0.00,,0,"The listing has 4 variations,Pulling package information from B08PD66R4C via amazon.com,3 or less sellers","5.51, 2.28, 0.67 in, 0.13 lbs",5.51,2.28,0.67,0.13,N/A,Computer
"05/20/2025, 12:39 AM PDT","05/20/2025, 03:39 AM EDT","05/20/2025, 02:39 AM CDT","05/20/2025, 12:39 AM PDT",Berg Bites - Plant Protein Crunch - Box of 8,1428192938,860000771719,Dark Chocolate Banana Bread,4,Berg Bites,Health & Personal Care,Protein Supplements,Berg Bites,N/A,N/A,https://i5.walmartimages.com/seo/Berg-Bites-Plant-Protein-Crunch-Box-of-8_e705b7d8-2c3c-4db7-8ef8-24572f49f9a7.07f6833b22dadea34fd8b6380139ec20.jpeg,,N/A,https://www.walmart.com/ip/1428192938,13.76,https://www.amazon.com/dp/B07RQ98QZ4,https://www.amazon.com/s?k=Berg%20Bites%20-%20Plant%20Protein%20Crunch%20-%20Box%20of%208,https://www.ebay.com/sch/i.html?_nkw=Berg%20Bites%20-%20Plant%20Protein%20Crunch%20-%20Box%20of%208,https://www.google.com/search?q=Berg%20Bites%20-%20Plant%20Protein%20Crunch%20-%20Box%20of%208,https://seller.walmart.com/catalog/add-items?search=1428192938,N/A,no,no,no,0,0,0,0,N/A,N/A,0,,,Price,29.99,13.76,8.25,27.51 %,59.95 %,20.20,17.61,1,OOS,N/A,$7.98,$3.45,0,$4.50,15.00%,$0.00,1,$0.03,$0.30 /lb,$0.03,$0.00,$0.00,$0.00,$0.00,0,$0.00,,0,"The listing has 4 variations,Pulling package information from B07RQ98QZ4 via amazon.com,3 or less sellers","7.48, 2.01, 0.39 in, 0.10 lbs",7.48,2.01,0.39,0.10,N/A,Computer
"05/20/2025, 12:42 AM PDT","05/20/2025, 03:42 AM EDT","05/20/2025, 02:42 AM CDT","05/20/2025, 12:42 AM PDT",Berg Bites - Plant Protein Crunch - Box of 8,2777667544,860000771733,Peanut Butter Dark Chocolate,4,Berg Bites,Health & Personal Care,Protein Supplements,Berg Bites,N/A,N/A,https://i5.walmartimages.com/seo/Berg-Bites-Plant-Protein-Crunch-Box-of-8_73b910f3-2e36-49bb-bbe5-c43fd00c949c.62180b9fce6ba70c699ceb4e07515c81.jpeg,,N/A,https://www.walmart.com/ip/2777667544,13.76,https://www.amazon.com/dp/B07RN937R8,https://www.amazon.com/s?k=Berg%20Bites%20-%20Plant%20Protein%20Crunch%20-%20Box%20of%208,https://www.ebay.com/sch/i.html?_nkw=Berg%20Bites%20-%20Plant%20Protein%20Crunch%20-%20Box%20of%208,https://www.google.com/search?q=Berg%20Bites%20-%20Plant%20Protein%20Crunch%20-%20Box%20of%208,https://seller.walmart.com/catalog/add-items?search=2777667544,N/A,no,no,no,1,0,1,6,Valet Seller Services LLC,mfn,$29.99,6,$29.99,$29.99,29.99,13.76,6.43,21.45 %,46.75 %,22.35,16.15,1,OOS,N/A,$9.80,$4.95,0,$4.50,15.00%,$0.05,1,$0.30,$0.30 /lb,$0.30,$0.00,$0.00,$0.00,$0.00,0,$0.00,,0,"The listing has 4 variations,Pulling package information from B07RN937R8 via amazon.com,3 or less sellers","7.91, 4.80, 2.99 in, 1.00 lbs",7.91,4.80,2.99,1.00,N/A,Computer
"05/20/2025, 12:46 AM PDT","05/20/2025, 03:46 AM EDT","05/20/2025, 02:46 AM CDT","05/20/2025, 12:46 AM PDT",Bergen Mixed Fruit Marzipan Basket 4.5oz (4-pack),661966169,892786000226,N/A,N/A,unknown,Grocery,Marzipan Candy,N/A,Kitchen,N/A,https://i5.walmartimages.com/seo/Bergen-Mixed-Fruit-Marzipan-Basket-4-5oz-4-pack_e223f0e2-2db5-43a2-bcbf-f9cb143cf997.c374a7f6a110ddea5e31f227fa86306d.jpeg,,N/A,https://www.walmart.com/ip/661966169,18.72,https://www.amazon.com/dp/B00DZXI21I,https://www.amazon.com/s?k=Bergen%20Mixed%20Fruit%20Marzipan%20Basket%204.5oz%20(4-pack),https://www.ebay.com/sch/i.html?_nkw=Bergen%20Mixed%20Fruit%20Marzipan%20Basket%204.5oz%20(4-pack),https://www.google.com/search?q=Bergen%20Mixed%20Fruit%20Marzipan%20Basket%204.5oz%20(4-pack),https://seller.walmart.com/catalog/add-items?search=661966169,N/A,no,no,no,1,0,1,6,Gourmet on the way LLC,mfn,$28.99,6,$28.99,$28.99,28.99,18.72,2.25,7.77 %,12.04 %,26.25,16.78,1,$14.96,N/A,$8.02,$3.45,0,$4.35,15.00%,$0.03,1,$0.19,$0.30 /lb,$0.19,$0.00,$0.00,$0.00,$0.00,0,$0.00,,0,"Pulling package information from B00DZXI21I via amazon.com,3 or less sellers","8.46, 5.20, 1.50 in, 0.63 lbs",8.46,5.20,1.50,0.63,N/A,Computer
"05/20/2025, 12:53 AM PDT","05/20/2025, 03:53 AM EDT","05/20/2025, 02:53 AM CDT","05/20/2025, 12:53 AM PDT","Better with Buckwheat, Buckwheat Crackers, Everything, 4.25 oz",14195859788,968863809744,N/A,N/A,Better with Buckwheat,Grocery,Snack Crackers,Better with Buckwheat,N/A,N/A,https://i5.walmartimages.com/seo/Better-with-Buckwheat-Buckwheat-Crackers-Everything-4-25-oz_9bc68058-1e63-4253-a0e1-5b1d3933304a.cfcc0568596e1ebbb41c141f6a91ead2.jpeg,,N/A,https://www.walmart.com/ip/14195859788,3.59,N/A,https://www.amazon.com/s?k=Better%20with%20Buckwheat%2C%20Buckwheat%20Crackers%2C%20Everything%2C%204.25%20oz,https://www.ebay.com/sch/i.html?_nkw=Better%20with%20Buckwheat%2C%20Buckwheat%20Crackers%2C%20Everything%2C%204.25%20oz,https://www.google.com/search?q=Better%20with%20Buckwheat%2C%20Buckwheat%20Crackers%2C%20Everything%2C%204.25%20oz,https://seller.walmart.com/catalog/add-items?search=14195859788,N/A,yes,no,no,1,0,1,8,SunDay Trading,mfn,$18.56,8,$18.56,$18.56,18.56,3.59,8.61,46.41 %,239.92 %,8.80,9.76,1,NA,N/A,$6.36,$3.45,0,$2.78,15.00%,$0.03,1,$0.09,$0.30 /lb,$0.09,$0.00,$0.00,$0.00,$0.00,0,$0.00,,0,"For better accuracy, we’ve used dimensions from B08586L6KP to provide more precise estimates,3 or less sellers","6.06, 4.88, 2.32 in, 0.31 lbs",6.06,4.88,2.32,0.31,N/A,Computer
"05/20/2025, 12:55 AM PDT","05/20/2025, 03:55 AM EDT","05/20/2025, 02:55 AM CDT","05/20/2025, 12:55 AM PDT",Better with Buckwheat Crackers Gluten Free Grain Free Rosemary & Herbs - 4.25 oz Pack of 4,15014752062,968864051463,N/A,N/A,Better with Buckwheat,Grocery,Snack Crackers,Better with Buckwheat,N/A,N/A,https://i5.walmartimages.com/seo/Better-with-Buckwheat-Crackers-Gluten-Free-Grain-Free-Rosemary-Herbs-4-25-oz-Pack-of-4_38eb6fc3-9827-479f-8697-3e81d1479060.558b521b73028b36da28163acbc6c5a8.jpeg,,N/A,https://www.walmart.com/ip/15014752062,14.36,N/A,https://www.amazon.com/s?k=Better%20with%20Buckwheat%20Crackers%20Gluten%20Free%20Grain%20Free%20Rosemary%20%26%20Herbs%20-%204.25%20oz%20Pack%20of%204,https://www.ebay.com/sch/i.html?_nkw=Better%20with%20Buckwheat%20Crackers%20Gluten%20Free%20Grain%20Free%20Rosemary%20%26%20Herbs%20-%204.25%20oz%20Pack%20of%204,https://www.google.com/search?q=Better%20with%20Buckwheat%20Crackers%20Gluten%20Free%20Grain%20Free%20Rosemary%20%26%20Herbs%20-%204.25%20oz%20Pack%20of%204,https://seller.walmart.com/catalog/add-items?search=15014752062,N/A,no,no,no,1,0,1,8,SunDay Trading,mfn,$41.88,8,$41.88,$41.88,41.88,14.36,14.05,33.54 %,97.82 %,25.25,22.73,1,NA,N/A,$13.47,$6.15,0,$6.28,15.00%,$0.27,1,$0.77,$0.30 /lb,$0.77,$0.00,$0.00,$0.00,$0.00,0,$0.00,,0,"For better accuracy, we’ve used dimensions from B0D7NYHPDT to provide more precise estimates,3 or less sellers","12.72, 8.35, 5.91 in, 2.56 lbs",12.72,8.35,5.91,2.56,N/A,Computer
"05/20/2025, 12:58 AM PDT","05/20/2025, 03:58 AM EDT","05/20/2025, 02:58 AM CDT","05/20/2025, 12:58 AM PDT","Better with Buckwheat, Buckwheat Crackers, Sea Salt , 4.25 oz Pack of 2",14175722938,968863809676,N/A,N/A,Better with Buckwheat,Grocery,Snack Crackers,Better with Buckwheat,N/A,N/A,https://i5.walmartimages.com/seo/Better-with-Buckwheat-Buckwheat-Crackers-Sea-Salt-4-25-oz-Pack-of-2_e8089494-cd3e-43d6-9eb3-cae8595e7cdd.472ad641743392a2010de14a5a2d578a.jpeg,,N/A,https://www.walmart.com/ip/14175722938,7.18,N/A,https://www.amazon.com/s?k=Better%20with%20Buckwheat%2C%20Buckwheat%20Crackers%2C%20Sea%20Salt%20%2C%204.25%20oz%20Pack%20of%202,https://www.ebay.com/sch/i.html?_nkw=Better%20with%20Buckwheat%2C%20Buckwheat%20Crackers%2C%20Sea%20Salt%20%2C%204.25%20oz%20Pack%20of%202,https://www.google.com/search?q=Better%20with%20Buckwheat%2C%20Buckwheat%20Crackers%2C%20Sea%20Salt%20%2C%204.25%20oz%20Pack%20of%202,https://seller.walmart.com/catalog/add-items?search=14175722938,N/A,no,no,no,1,0,1,8,SunDay Trading,mfn,$25.48,8,$25.48,$25.48,25.48,7.18,10.89,42.72 %,151.60 %,11.65,14.45,1,NA,N/A,$7.41,$3.45,0,$3.82,15.00%,$0.04,1,$0.10,$0.30 /lb,$0.10,$0.00,$0.00,$0.00,$0.00,0,$0.00,,0,"For better accuracy, we’ve used dimensions from B0D6WF6CX7 to provide more precise estimates,3 or less sellers","7.52, 5.55, 2.09 in, 0.35 lbs",7.52,5.55,2.09,0.35,N/A,Computer
"05/20/2025, 01:08 AM PDT","05/20/2025, 04:08 AM EDT","05/20/2025, 03:08 AM CDT","05/20/2025, 01:08 AM PDT","Betty Crocker Decorating Stars Kosher for Holiday, 1.25 oz Jar",29304509,71169710550,N/A,N/A,Betty Crocker,Grocery,Dessert Sprinkles & Decorations,N/A,N/A,71169710550,https://i5.walmartimages.com/seo/Betty-Crocker-Decorating-Stars-Kosher-for-Holiday-1-25-oz-Jar_bfc5c4e6-d2b7-418d-a502-58c1ad0248a7.795fd2701a9f3741e0dc8979c8da654b.jpeg,,N/A,https://www.walmart.com/ip/29304509,1.4,https://www.amazon.com/dp/B076B545F5,https://www.amazon.com/s?k=Betty%20Crocker%20Decorating%20Stars%20Kosher%20for%20Holiday%2C%201.25%20oz%20Jar,https://www.ebay.com/sch/i.html?_nkw=Betty%20Crocker%20Decorating%20Stars%20Kosher%20for%20Holiday%2C%201.25%20oz%20Jar,https://www.google.com/search?q=Betty%20Crocker%20Decorating%20Stars%20Kosher%20for%20Holiday%2C%201.25%20oz%20Jar,https://seller.walmart.com/catalog/add-items?search=29304509,N/A,no,no,no,6,0,6,123,The miracle xperience,mfn,$10.98,9,$8.14,$14.13,10.98,1.4,5.21,47.48 %,372.36 %,6.30,5.29,1,$6.71,N/A,$4.37,$3.45,0,$0.88,8.00%,$0.01,1,$0.03,$0.30 /lb,$0.03,$0.00,$0.00,$0.00,$0.00,0,$0.00,,0,Pulling package information from B076B545F5 via amazon.com,"3.94, 2.20, 1.46 in, 0.11 lbs",3.94,2.20,1.46,0.11,N/A,Computer
"05/20/2025, 01:10 AM PDT","05/20/2025, 04:10 AM EDT","05/20/2025, 03:10 AM CDT","05/20/2025, 01:10 AM PDT","BHUJA Cracker Mix, 7 Ounce Bag",33414434,892234002017,Single,1,BHUJA,Grocery,Party Mixes,N/A,N/A,8.92234E+11,https://i5.walmartimages.com/seo/BHUJA-Cracker-Mix-7-Ounce-Bag_0a306420-5c5a-42bf-9bda-8582b367a4c2.bf2ab951a0c474ce381daffffec1145b.jpeg,,N/A,https://www.walmart.com/ip/33414434,3.77,https://www.amazon.com/dp/B005GWT9M2,https://www.amazon.com/s?k=BHUJA%20Cracker%20Mix%2C%207%20Ounce%20Bag,https://www.ebay.com/sch/i.html?_nkw=BHUJA%20Cracker%20Mix%2C%207%20Ounce%20Bag,https://www.google.com/search?q=BHUJA%20Cracker%20Mix%2C%207%20Ounce%20Bag,https://seller.walmart.com/catalog/add-items?search=33414434,N/A,yes,no,no,0,0,0,0,N/A,N/A,0,,,Price,11.28,3.77,2.96,26.22 %,78.46 %,9.05,5.38,1,$43.95,N/A,$4.55,$3.45,0,$0.90,8.00%,$0.06,1,$0.14,$0.30 /lb,$0.14,$0.00,$0.00,$0.00,$0.00,0,$0.00,4.5,2,"For better accuracy, we’ve used dimensions from B008230BXS to provide more precise estimates,3 or less sellers","8.66, 6.22, 2.64 in, 0.46 lbs",8.66,6.22,2.64,0.46,N/A,Computer
"05/20/2025, 01:12 AM PDT","05/20/2025, 04:12 AM EDT","05/20/2025, 03:12 AM CDT","05/20/2025, 01:12 AM PDT","Bhuja Snacks Crunchy Seasoned Peas, 7 Oz",31010554,892234002048,N/A,N/A,BHUJA,Grocery,Snack Chips,BHUJA,N/A,20087 - Case,https://i5.walmartimages.com/seo/Bhuja-Snacks-Crunchy-Seasoned-Peas-7-Oz_b63d9517-9f2c-4b33-8f19-e98ef6e0fcd1_1.89859a041746a9e7701ac5f6963c18b6.jpeg,,N/A,https://www.walmart.com/ip/31010554,3.77,https://www.amazon.com/dp/B003ICZKXY,https://www.amazon.com/s?k=Bhuja%20Snacks%20Crunchy%20Seasoned%20Peas%2C%207%20Oz,https://www.ebay.com/sch/i.html?_nkw=Bhuja%20Snacks%20Crunchy%20Seasoned%20Peas%2C%207%20Oz,https://www.google.com/search?q=Bhuja%20Snacks%20Crunchy%20Seasoned%20Peas%2C%207%20Oz,https://seller.walmart.com/catalog/add-items?search=31010554,N/A,no,no,no,2,0,2,79,SANTARA,mfn,$11.48,64,$11.48,$13.97,11.48,3.77,3.16,27.52 %,83.80 %,9.05,5.54,1,$8.01,100+ units sold this month on Amazon,$4.55,$3.45,0,$0.92,8.00%,$0.04,1,$0.14,$0.30 /lb,$0.14,$0.00,$0.00,$0.00,$0.00,0,$0.00,4.3,3,"Pulling package information from B003ICZKXY via amazon.com,3 or less sellers","8.78, 6.14, 1.89 in, 0.46 lbs",8.78,6.14,1.89,0.46,N/A,Computer
"05/20/2025, 01:15 AM PDT","05/20/2025, 04:15 AM EDT","05/20/2025, 03:15 AM CDT","05/20/2025, 01:15 AM PDT","BHUJA Nut Mix, 7 Ounce Bags",31013800,892234002024,N/A,N/A,BHUJA,Grocery,Trail Mixes,N/A,N/A,0246769,https://i5.walmartimages.com/seo/BHUJA-Nut-Mix-7-Ounce-Bags_26aab085-0391-47e8-b57a-082874aa7922_1.f6d485972d0736de323cba27f1bc4257.jpeg,,N/A,https://www.walmart.com/ip/31013800,3.77,https://www.amazon.com/dp/B00A1FWPQ6,https://www.amazon.com/s?k=BHUJA%20Nut%20Mix%2C%207%20Ounce%20Bags,https://www.ebay.com/sch/i.html?_nkw=BHUJA%20Nut%20Mix%2C%207%20Ounce%20Bags,https://www.google.com/search?q=BHUJA%20Nut%20Mix%2C%207%20Ounce%20Bags,https://seller.walmart.com/catalog/add-items?search=31013800,N/A,no,yes,no,1,1,0,6,Hidden Gems LLC,wfs,$14.99,6,$14.99,$14.99,14.99,3.77,6.38,42.53 %,169.11 %,9.05,8.12,1,$42.47,N/A,$4.84,$3.45,0,$1.20,8.00%,$0.06,1,$0.14,$0.30 /lb,$0.14,$0.00,$0.00,$0.00,$0.00,0,$0.00,5,3,"For better accuracy, we’ve used dimensions from B00MFNJYXY to provide more precise estimates,3 or less sellers","8.50, 5.87, 2.64 in, 0.46 lbs",8.50,5.87,2.64,0.46,N/A,Computer
"05/20/2025, 03:53 AM PDT","05/20/2025, 06:53 AM EDT","05/20/2025, 05:53 AM CDT","05/20/2025, 03:53 AM PDT","Big Sky Cotton Candy Mints Sugar Free, Vanilla Flavored, Allergens Not Contained, Contains 50 Mints, 1.76 oz.",442323897,628371148093,Single,3,Big Sky,Grocery,Cotton Candy,N/A,N/A,N/A,https://i5.walmartimages.com/seo/Big-Sky-Cotton-Candy-Mints-Sugar-Free-Vanilla-Flavored-Allergens-Not-Contained-Contains-50-Mints-1-76-oz_ad6ebfc1-3d9b-4324-8102-394d96602e71.d7acbeaa95ecbd39c247f9c94ba5e5d8.jpeg,,N/A,https://www.walmart.com/ip/442323897,1.72,N/A,https://www.amazon.com/s?k=Big%20Sky%20Cotton%20Candy%20Mints%20Sugar%20Free%2C%20Vanilla%20Flavored%2C%20Allergens%20Not%20Contained%2C%20Contains%2050%20Mints%2C%201.76%20oz.,https://www.ebay.com/sch/i.html?_nkw=Big%20Sky%20Cotton%20Candy%20Mints%20Sugar%20Free%2C%20Vanilla%20Flavored%2C%20Allergens%20Not%20Contained%2C%20Contains%2050%20Mints%2C%201.76%20oz.,https://www.google.com/search?q=Big%20Sky%20Cotton%20Candy%20Mints%20Sugar%20Free%2C%20Vanilla%20Flavored%2C%20Allergens%20Not%20Contained%2C%20Contains%2050%20Mints%2C%201.76%20oz.,https://seller.walmart.com/catalog/add-items?search=442323897,N/A,no,no,no,2,0,2,26,Califa Sky,mfn,$8.99,20,$8.99,$9.48,8.99,1.72,0.23,2.53 %,13.24 %,8.65,1.56,1,NA,N/A,$7.04,$4.95,0,$0.72,8.00%,$0.02,1,$1.35,$0.30 /lb,$0.35,$0.00,$0.00,$0.00,$0.00,0,$0.00,4.3,25,"The listing has 3 variations,For better accuracy, we’ve used dimensions from B0C8TX7GYZ to provide more precise estimates,3 or less sellers","7.40, 3.98, 1.73 in, 1.17 lbs",7.40,3.98,1.73,1.17,N/A,Computer
"05/20/2025, 04:02 AM PDT","05/20/2025, 07:02 AM EDT","05/20/2025, 06:02 AM CDT","05/20/2025, 04:02 AM PDT","Bigelow Benefits Blueberry Aloe, Radiate Beauty, Caffeine-Free Herbal Tea Bags, 18 Count",929755032,72310010239,N/A,N/A,Bigelow Tea,Grocery,Tea Bags,N/A,N/A,A2427473DD8F00B,https://i5.walmartimages.com/seo/Bigelow-Benefits-Blueberry-Aloe-Radiate-Beauty-Caffeine-Free-Herbal-Tea-Bags-18-Count_d671152a-5c5c-4113-9a21-5d8e7b19ca2f.71a792460427d180f89de74f6f376576.jpeg,,N/A,https://www.walmart.com/ip/929755032,2.64,https://www.amazon.com/dp/B07732RC1G,https://www.amazon.com/s?k=Bigelow%20Benefits%20Blueberry%20Aloe%2C%20Radiate%20Beauty%2C%20Caffeine-Free%20Herbal%20Tea%20Bags%2C%2018%20Count,https://www.ebay.com/sch/i.html?_nkw=Bigelow%20Benefits%20Blueberry%20Aloe%2C%20Radiate%20Beauty%2C%20Caffeine-Free%20Herbal%20Tea%20Bags%2C%2018%20Count,https://www.google.com/search?q=Bigelow%20Benefits%20Blueberry%20Aloe%2C%20Radiate%20Beauty%2C%20Caffeine-Free%20Herbal%20Tea%20Bags%2C%2018%20Count,https://seller.walmart.com/catalog/add-items?search=929755032,N/A,no,no,no,5,3,2,146,Gourmet on the way LLC,wfs,$9.86,8,$9.86,$10.97,9.86,2.64,1.73,17.59 %,65.70 %,7.90,3.50,1,$6.87,N/A,$5.49,$3.45,0,$0.79,8.00%,$0.02,1,$1.23,$0.30 /lb,$0.22,$0.00,$0.00,$0.00,$0.00,0,$0.00,4.7,20,Pulling package information from B07732RC1G via amazon.com,"5.24, 3.31, 2.87 in, 0.75 lbs",5.24,3.31,2.87,0.75,N/A,Computer
"05/20/2025, 04:04 AM PDT","05/20/2025, 07:04 AM EDT","05/20/2025, 06:04 AM CDT","05/20/2025, 04:04 AM PDT","Bigelow Benefits Chamomile & Lavender, Caffeine-Free Herbal Tea Bags, 18 Count",545655325,72310010222,N/A,N/A,Bigelow Tea,Grocery,Tea Bags,N/A,N/A,00287571,https://i5.walmartimages.com/seo/Bigelow-Benefits-Chamomile-Lavender-Caffeine-Free-Herbal-Tea-Bags-18-Count_d20d4d3c-3563-45d0-8f87-5aa462721156.cb35b969d8be4db4a6b4ff1640dc5639.jpeg,,N/A,https://www.walmart.com/ip/545655325,2.64,https://www.amazon.com/dp/B06X1FPSF7,https://www.amazon.com/s?k=Bigelow%20Benefits%20Chamomile%20%26%20Lavender%2C%20Caffeine-Free%20Herbal%20Tea%20Bags%2C%2018%20Count,https://www.ebay.com/sch/i.html?_nkw=Bigelow%20Benefits%20Chamomile%20%26%20Lavender%2C%20Caffeine-Free%20Herbal%20Tea%20Bags%2C%2018%20Count,https://www.google.com/search?q=Bigelow%20Benefits%20Chamomile%20%26%20Lavender%2C%20Caffeine-Free%20Herbal%20Tea%20Bags%2C%2018%20Count,https://seller.walmart.com/catalog/add-items?search=545655325,N/A,no,no,no,6,2,4,1026,Gourmet on the way LLC,wfs,$8.39,5,$8.39,$32.91,8.39,2.64,0.54,6.48 %,20.58 %,7.70,2.55,1,$6.49,400+ units sold this month on Amazon,$5.21,$3.45,0,$0.67,8.00%,$0.02,1,$1.07,$0.30 /lb,$0.07,$0.00,$0.00,$0.00,$0.00,0,$0.00,4.6,32,Pulling package information from B06X1FPSF7 via amazon.com,"5.24, 3.15, 2.72 in, 0.22 lbs",5.24,3.15,2.72,0.22,N/A,Computer
"05/20/2025, 04:07 AM PDT","05/20/2025, 07:07 AM EDT","05/20/2025, 06:07 AM CDT","05/20/2025, 04:07 AM PDT","Bigelow Benefits Herbal Tea, Cinnamon And Blackberry, Tea Bags, 18 Count",906600036,72310010246,N/A,N/A,Bigelow Tea,Grocery,Tea Bags,N/A,N/A,287574,https://i5.walmartimages.com/seo/Bigelow-Benefits-Herbal-Tea-Cinnamon-And-Blackberry-Tea-Bags-18-Count_c7376ace-d741-4768-bf63-751b85119d33.af3dfccd0f0674f707f18a1d3a3e700f.jpeg,,N/A,https://www.walmart.com/ip/906600036,2.64,https://www.amazon.com/dp/B078HQ5WBV,https://www.amazon.com/s?k=Bigelow%20Benefits%20Herbal%20Tea%2C%20Cinnamon%20And%20Blackberry%2C%20Tea%20Bags%2C%2018%20Count,https://www.ebay.com/sch/i.html?_nkw=Bigelow%20Benefits%20Herbal%20Tea%2C%20Cinnamon%20And%20Blackberry%2C%20Tea%20Bags%2C%2018%20Count,https://www.google.com/search?q=Bigelow%20Benefits%20Herbal%20Tea%2C%20Cinnamon%20And%20Blackberry%2C%20Tea%20Bags%2C%2018%20Count,https://seller.walmart.com/catalog/add-items?search=906600036,N/A,no,no,no,4,4,0,109,Hidden Gems LLC,wfs,$10.80,39,$10.80,$10.85,10.8,2.64,3.79,35.07 %,143.47 %,7.70,5.14,1,$7.08,N/A,$4.37,$3.45,0,$0.86,8.00%,$0.02,1,$0.04,$0.30 /lb,$0.04,$0.00,$0.00,$0.00,$0.00,0,$0.00,4.4,26,Pulling package information from B078HQ5WBV via amazon.com,"5.16, 3.19, 2.72 in, 0.13 lbs",5.16,3.19,2.72,0.13,N/A,Computer
"05/20/2025, 04:09 AM PDT","05/20/2025, 07:09 AM EDT","05/20/2025, 06:09 AM CDT","05/20/2025, 04:09 AM PDT","Bigelow Benefits Ginger & Peach Herbal Tea Bags, 18 Count",493882109,72310010215,Single,2,Bigelow Tea,Grocery,Tea Bags,N/A,N/A,00287566,https://i5.walmartimages.com/seo/Bigelow-Benefits-Ginger-Peach-Herbal-Tea-Bags-18-Count_7cf9ad91-b8de-48c9-b03d-ca334cc3c895.1888578b58ae20f16c0ef22679259cb7.jpeg,,N/A,https://www.walmart.com/ip/493882109,2.64,https://www.amazon.com/dp/B06XV1QGQ2,https://www.amazon.com/s?k=Bigelow%20Benefits%20Ginger%20%26%20Peach%20Herbal%20Tea%20Bags%2C%2018%20Count,https://www.ebay.com/sch/i.html?_nkw=Bigelow%20Benefits%20Ginger%20%26%20Peach%20Herbal%20Tea%20Bags%2C%2018%20Count,https://www.google.com/search?q=Bigelow%20Benefits%20Ginger%20%26%20Peach%20Herbal%20Tea%20Bags%2C%2018%20Count,https://seller.walmart.com/catalog/add-items?search=493882109,N/A,yes,no,no,2,1,1,31,OTCRx4U,wfs,$9.46,1,$9.46,$16.01,9.46,2.64,1.47,15.50 %,55.53 %,7.80,3.28,1,$11.59,50+ units sold this month on Amazon,$5.35,$3.45,0,$0.76,8.00%,$0.04,1,$1.10,$0.30 /lb,$0.10,$0.00,$0.00,$0.00,$0.00,0,$0.00,4.3,43,"The listing has 2 variations,Pulling package information from B06XV1QGQ2 via amazon.com,3 or less sellers","6.38, 5.31, 2.87 in, 0.35 lbs",6.38,5.31,2.87,0.35,N/A,Computer
"05/20/2025, 04:21 AM PDT","05/20/2025, 07:21 AM EDT","05/20/2025, 06:21 AM CDT","05/20/2025, 04:21 AM PDT","Bigelow Blackberry Citrus Plus Zinc, Caffeine-Free Herbal Tea Bags, 18 Count",576488683,72310010284,Single,2,Bigelow Tea,Grocery,Tea Bags,N/A,N/A,N/A,https://i5.walmartimages.com/seo/Bigelow-Blackberry-Citrus-Plus-Zinc-Caffeine-Free-Herbal-Tea-Bags-18-Count_916ef709-8de1-4ce7-8a65-f083bb351529.505bd20c19e3778dacd7e21fb88a4b61.jpeg,,N/A,https://www.walmart.com/ip/576488683,2.64,https://www.amazon.com/dp/B099HGJTX8,https://www.amazon.com/s?k=Bigelow%20Blackberry%20Citrus%20Plus%20Zinc%2C%20Caffeine-Free%20Herbal%20Tea%20Bags%2C%2018%20Count,https://www.ebay.com/sch/i.html?_nkw=Bigelow%20Blackberry%20Citrus%20Plus%20Zinc%2C%20Caffeine-Free%20Herbal%20Tea%20Bags%2C%2018%20Count,https://www.google.com/search?q=Bigelow%20Blackberry%20Citrus%20Plus%20Zinc%2C%20Caffeine-Free%20Herbal%20Tea%20Bags%2C%2018%20Count,https://seller.walmart.com/catalog/add-items?search=576488683,N/A,yes,no,no,4,0,4,60,Household Hub,mfn,$9.78,3,$9.78,$11.00,9.78,2.64,1.84,18.84 %,69.78 %,7.70,3.59,1,$6.55,400+ units sold this month on Amazon,$5.30,$3.45,0,$0.78,8.00%,$0.02,1,$1.04,$0.30 /lb,$0.04,$0.00,$0.00,$0.00,$0.00,0,$0.00,4.4,55,"The listing has 2 variations,Pulling package information from B099HGJTX8 via amazon.com","5.28, 3.15, 2.83 in, 0.15 lbs",5.28,3.15,2.83,0.15,N/A,Computer
"05/20/2025, 04:24 AM PDT","05/20/2025, 07:24 AM EDT","05/20/2025, 06:24 AM CDT","05/20/2025, 04:24 AM PDT",Bigelow Tea Oolong Tea 20 Bag(S),31110633,72310001992,Single,2,Bigelow Tea,Grocery,Tea Bags,N/A,N/A,0887745,https://i5.walmartimages.com/seo/Bigelow-Tea-Oolong-Tea-20-Bag-S_55d7d350-b805-4fe6-9d48-16d6a0eeaa28.6ed18d86d235ec8e069cdedd0dc0f568.jpeg,,N/A,https://www.walmart.com/ip/31110633,2.64,https://www.amazon.com/dp/B073TJHNKN,https://www.amazon.com/s?k=Bigelow%20Tea%20Oolong%20Tea%2020%20Bag(S),https://www.ebay.com/sch/i.html?_nkw=Bigelow%20Tea%20Oolong%20Tea%2020%20Bag(S),https://www.google.com/search?q=Bigelow%20Tea%20Oolong%20Tea%2020%20Bag(S),https://seller.walmart.com/catalog/add-items?search=31110633,N/A,no,yes,no,5,2,3,23,OTCRx4U,wfs,$9.46,3,$9.46,$10.00,9.46,2.64,1.43,15.12 %,54.18 %,7.80,3.26,1,$13.25,N/A,$5.39,$3.45,0,$0.76,8.00%,$0.07,1,$1.11,$0.30 /lb,$0.11,$0.00,$0.00,$0.00,$0.00,0,$0.00,4.4,70,"The listing has 2 variations,Pulling package information from B073TJHNKN via amazon.com","7.48, 7.40, 2.99 in, 0.37 lbs",7.48,7.40,2.99,0.37,N/A,Computer
"05/20/2025, 04:26 AM PDT","05/20/2025, 07:26 AM EDT","05/20/2025, 06:26 AM CDT","05/20/2025, 04:26 AM PDT","Bigelow Tea Cinnamon Stick, Black Tea Bags, 20 Count",15610847,72310001787,Single,2,Bigelow Tea,Grocery,Tea Bags,N/A,N/A,178,https://i5.walmartimages.com/seo/Bigelow-Tea-Cinnamon-Stick-Black-Tea-Bags-20-Count_182e654f-1759-4717-a3b7-c05456167640.0c01676c952d077cdc90b8e11bc63555.jpeg,,N/A,https://www.walmart.com/ip/15610847,2.64,https://www.amazon.com/dp/B00BPEM1TI,https://www.amazon.com/s?k=Bigelow%20Tea%20Cinnamon%20Stick%2C%20Black%20Tea%20Bags%2C%2020%20Count,https://www.ebay.com/sch/i.html?_nkw=Bigelow%20Tea%20Cinnamon%20Stick%2C%20Black%20Tea%20Bags%2C%2020%20Count,https://www.google.com/search?q=Bigelow%20Tea%20Cinnamon%20Stick%2C%20Black%20Tea%20Bags%2C%2020%20Count,https://seller.walmart.com/catalog/add-items?search=15610847,Best seller,no,yes,no,7,2,5,1713,Snap to Get,wfs,$8.97,11,$8.97,$10.11,8.97,2.64,0.95,10.58 %,35.93 %,7.85,2.87,1,$11.82,N/A,$5.38,$3.45,0,$0.72,8.00%,$0.06,1,$1.15,$0.30 /lb,$0.15,$0.00,$0.00,$0.00,$0.00,0,$0.00,4.8,154,"The listing has 2 variations,Pulling package information from B00BPEM1TI via amazon.com","9.49, 5.35, 2.76 in, 0.51 lbs",9.49,5.35,2.76,0.51,N/A,Computer
"05/20/2025, 04:32 AM PDT","05/20/2025, 07:32 AM EDT","05/20/2025, 06:32 AM CDT","05/20/2025, 04:32 AM PDT","Bigelow Decaffeineated Black Tea, French Vanilla, Tea Bags, 20 Ct",29946041,72310042650,N/A,N/A,Bigelow Tea,Grocery,Tea Bags,N/A,N/A,4265,https://i5.walmartimages.com/seo/Bigelow-Decaffeineated-Black-Tea-French-Vanilla-Tea-Bags-20-Ct_dc19bfd2-0bc7-4084-ab74-939ef657447f.4b7e4715f79bbbe6e27b6d497a5294ae.jpeg,,N/A,https://www.walmart.com/ip/29946041,2.64,https://www.amazon.com/dp/B073TJHZ95,https://www.amazon.com/s?k=Bigelow%20Decaffeineated%20Black%20Tea%2C%20French%20Vanilla%2C%20Tea%20Bags%2C%2020%20Ct,https://www.ebay.com/sch/i.html?_nkw=Bigelow%20Decaffeineated%20Black%20Tea%2C%20French%20Vanilla%2C%20Tea%20Bags%2C%2020%20Ct,https://www.google.com/search?q=Bigelow%20Decaffeineated%20Black%20Tea%2C%20French%20Vanilla%2C%20Tea%20Bags%2C%2020%20Ct,https://seller.walmart.com/catalog/add-items?search=29946041,N/A,no,no,no,7,4,3,8972,OTCRx4U,wfs,$8.09,4,$8.09,$10.00,8.09,2.64,0.17,2.09 %,6.40 %,7.80,2.25,1,$9.99,N/A,$5.28,$3.45,0,$0.65,8.00%,$0.08,1,$1.10,$0.30 /lb,$0.10,$0.00,$0.00,$0.00,$0.00,0,$0.00,5,25,Pulling package information from B073TJHZ95 via amazon.com,"8.19, 7.13, 3.11 in, 0.35 lbs",8.19,7.13,3.11,0.35,N/A,Computer
"05/20/2025, 04:40 AM PDT","05/20/2025, 07:40 AM EDT","05/20/2025, 06:40 AM CDT","05/20/2025, 04:40 AM PDT","Bigelow Decaffeinated Black Tea, English Teatime, Tea Bags, 20 Count",29954685,72310042773,N/A,N/A,Bigelow Tea,Grocery,Tea Bags,N/A,N/A,CBG-025,https://i5.walmartimages.com/seo/Bigelow-Decaffeinated-Black-Tea-English-Teatime-Tea-Bags-20-Count_e2b1eba6-a996-4395-8e93-ad319ca67603.0f3977221d1aaa365c5d01eba2cd7781.jpeg,,N/A,https://www.walmart.com/ip/29954685,2.64,https://www.amazon.com/dp/B00BPELYMS,https://www.amazon.com/s?k=Bigelow%20Decaffeinated%20Black%20Tea%2C%20English%20Teatime%2C%20Tea%20Bags%2C%2020%20Count,https://www.ebay.com/sch/i.html?_nkw=Bigelow%20Decaffeinated%20Black%20Tea%2C%20English%20Teatime%2C%20Tea%20Bags%2C%2020%20Count,https://www.google.com/search?q=Bigelow%20Decaffeinated%20Black%20Tea%2C%20English%20Teatime%2C%20Tea%20Bags%2C%2020%20Count,https://seller.walmart.com/catalog/add-items?search=29954685,N/A,no,no,no,4,1,3,27,24/7 Mart,wfs,$10.00,5,$8.95,$10.77,10,2.64,2.83,28.34 %,107.33 %,7.90,4.38,1,$19.69,N/A,$4.53,$3.45,0,$0.80,8.00%,$0.11,1,$0.17,$0.30 /lb,$0.17,$0.00,$0.00,$0.00,$0.00,0,$0.00,4.9,11,Pulling package information from B00BPELYMS via amazon.com,"9.69, 7.72, 3.43 in, 0.55 lbs",9.69,7.72,3.43,0.55,N/A,Computer
"05/20/2025, 04:44 AM PDT","05/20/2025, 07:44 AM EDT","05/20/2025, 06:44 AM CDT","05/20/2025, 04:44 AM PDT","Bigelow English Breakfast, Black Tea Bags, 20 Count",29923266,72310001442,Single,2,Bigelow Tea,Grocery,Tea Bags,N/A,N/A,0887547,https://i5.walmartimages.com/seo/Bigelow-English-Breakfast-Black-Tea-Bags-20-Count_62701dfb-b108-4927-9132-9c37eddd28a1.8d3007b1693c2a7ee26cf0ef36dd543f.jpeg,,N/A,https://www.walmart.com/ip/29923266,2.64,https://www.amazon.com/dp/B00DGDCQT6,https://www.amazon.com/s?k=Bigelow%20English%20Breakfast%2C%20Black%20Tea%20Bags%2C%2020%20Count,https://www.ebay.com/sch/i.html?_nkw=Bigelow%20English%20Breakfast%2C%20Black%20Tea%20Bags%2C%2020%20Count,https://www.google.com/search?q=Bigelow%20English%20Breakfast%2C%20Black%20Tea%20Bags%2C%2020%20Count,https://seller.walmart.com/catalog/add-items?search=29923266,N/A,no,no,no,6,3,3,69,OTCRx4U,wfs,$8.44,36,$8.44,$10.00,8.44,2.64,0.6,7.06 %,22.56 %,7.70,2.59,1,$8.49,N/A,$5.20,$3.45,0,$0.68,8.00%,$0.02,1,$1.06,$0.30 /lb,$0.06,$0.00,$0.00,$0.00,$0.00,0,$0.00,4.8,37,"The listing has 2 variations,Pulling package information from B00DGDCQT6 via amazon.com","5.43, 3.35, 2.83 in, 0.19 lbs",5.43,3.35,2.83,0.19,N/A,Computer
"05/20/2025, 04:49 AM PDT","05/20/2025, 07:49 AM EDT","05/20/2025, 06:49 AM CDT","05/20/2025, 04:49 AM PDT","Bigelow Constant Comment Green Tea Bags, 20 Count",10293202,72310008052,N/A,N/A,Bigelow Tea,Grocery,Tea Bags,N/A,N/A,072310008052,https://i5.walmartimages.com/seo/Bigelow-Constant-Comment-Green-Tea-Bags-20-Count_d91390ef-401f-46a9-aed6-8645d329306c_2.0aeed09fdc9f93ab748ea86d038e2820.jpeg,,N/A,https://www.walmart.com/ip/10293202,2.64,https://www.amazon.com/dp/B00HYMWPY6,https://www.amazon.com/s?k=Bigelow%20Constant%20Comment%20Green%20Tea%20Bags%2C%2020%20Count,https://www.ebay.com/sch/i.html?_nkw=Bigelow%20Constant%20Comment%20Green%20Tea%20Bags%2C%2020%20Count,https://www.google.com/search?q=Bigelow%20Constant%20Comment%20Green%20Tea%20Bags%2C%2020%20Count,https://seller.walmart.com/catalog/add-items?search=10293202,N/A,no,no,no,8,4,4,119,OTCRx4U,wfs,$8.09,50,$8.09,$10.11,8.09,2.64,0,0.01 %,0.04 %,8.00,2.11,1,$19.64,50+ units sold this month on Amazon,$5.45,$3.45,0,$0.65,8.00%,$0.15,1,$1.20,$0.30 /lb,$0.20,$0.00,$0.00,$0.00,$0.00,0,$0.00,4.9,83,Pulling package information from B00HYMWPY6 via amazon.com,"12.91, 7.20, 3.66 in, 0.68 lbs",12.91,7.20,3.66,0.68,N/A,Computer
"05/20/2025, 06:02 AM PDT","05/20/2025, 09:02 AM EDT","05/20/2025, 08:02 AM CDT","05/20/2025, 06:02 AM PDT","Bigelow Green Tea with Mango, Tea Bags, 20 Count",29878683,72310001879,Single,2,Bigelow Tea,Grocery,Tea Bags,N/A,N/A,360048,https://i5.walmartimages.com/seo/Bigelow-Green-Tea-with-Mango-Tea-Bags-20-Count_60595733-9bf1-4933-9cee-5b402b63368d.7e18f6dbb83d8c971cc83851492dfae5.jpeg,,N/A,https://www.walmart.com/ip/29878683,2.64,https://www.amazon.com/dp/B00KOB6W52,https://www.amazon.com/s?k=Bigelow%20Green%20Tea%20with%20Mango%2C%20Tea%20Bags%2C%2020%20Count,https://www.ebay.com/sch/i.html?_nkw=Bigelow%20Green%20Tea%20with%20Mango%2C%20Tea%20Bags%2C%2020%20Count,https://www.google.com/search?q=Bigelow%20Green%20Tea%20with%20Mango%2C%20Tea%20Bags%2C%2020%20Count,https://seller.walmart.com/catalog/add-items?search=29878683,N/A,no,no,no,4,2,2,42,Gourmet on the way LLC,wfs,$8.95,14,$8.94,$10.28,8.95,2.64,1.08,12.05 %,40.84 %,7.70,2.97,1,$7.10,N/A,$5.23,$3.45,0,$0.72,8.00%,$0.02,1,$1.04,$0.30 /lb,$0.04,$0.00,$0.00,$0.00,$0.00,0,$0.00,4.8,13,"The listing has 2 variations,Pulling package information from B00KOB6W52 via amazon.com","5.16, 3.35, 2.76 in, 0.15 lbs",5.16,3.35,2.76,0.15,N/A,Computer
"05/20/2025, 06:10 AM PDT","05/20/2025, 09:10 AM EDT","05/20/2025, 08:10 AM CDT","05/20/2025, 06:10 AM PDT","Bigelow Green Tea with Pomegranate, Tea Bags, 20 Count",10293204,72310008373,Single,2,Bigelow Tea,Grocery,Tea Bags,N/A,N/A,00837,https://i5.walmartimages.com/seo/Bigelow-Green-Tea-with-Pomegranate-Tea-Bags-20-Count_136b1d05-b035-4b2c-8280-8e5eed61636d_3.f909adc022aaf349b1e618f16ab7a98d.jpeg,,N/A,https://www.walmart.com/ip/10293204,2.64,https://www.amazon.com/dp/B0057625ZA,https://www.amazon.com/s?k=Bigelow%20Green%20Tea%20with%20Pomegranate%2C%20Tea%20Bags%2C%2020%20Count,https://www.ebay.com/sch/i.html?_nkw=Bigelow%20Green%20Tea%20with%20Pomegranate%2C%20Tea%20Bags%2C%2020%20Count,https://www.google.com/search?q=Bigelow%20Green%20Tea%20with%20Pomegranate%2C%20Tea%20Bags%2C%2020%20Count,https://seller.walmart.com/catalog/add-items?search=10293204,N/A,no,no,no,12,7,5,332,Deals Distribution 2024,wfs,$8.84,11,$8.84,$12.96,8.84,2.64,0.82,9.26 %,31.00 %,7.85,2.77,1,$14.80,50+ units sold this month on Amazon,$5.38,$3.45,0,$0.71,8.00%,$0.07,1,$1.16,$0.30 /lb,$0.16,$0.00,$0.00,$0.00,$0.00,0,$0.00,4.8,127,"The listing has 2 variations,Pulling package information from B0057625ZA via amazon.com","9.41, 5.43, 2.95 in, 0.53 lbs",9.41,5.43,2.95,0.53,N/A,Computer
"05/20/2025, 06:14 AM PDT","05/20/2025, 09:14 AM EDT","05/20/2025, 08:14 AM CDT","05/20/2025, 06:14 AM PDT",Bigelow Tea Herbal Tea Caffeine Free Chamomile Mint -- 20 Tea Bags,217974670,100415020218,N/A,N/A,Bigelow Tea,Grocery,Tea Bags,N/A,N/A,N/A,https://i5.walmartimages.com/seo/Bigelow-Tea-Herbal-Tea-Caffeine-Free-Chamomile-Mint-20-Tea-Bags_d586ec88-a682-41ae-a6b4-ad66378363c8.a10d313a39072b6923e458cbca6d0891.jpeg,,N/A,https://www.walmart.com/ip/217974670,2.64,N/A,https://www.amazon.com/s?k=Bigelow%20Tea%20Herbal%20Tea%20Caffeine%20Free%20Chamomile%20Mint%20--%2020%20Tea%20Bags,https://www.ebay.com/sch/i.html?_nkw=Bigelow%20Tea%20Herbal%20Tea%20Caffeine%20Free%20Chamomile%20Mint%20--%2020%20Tea%20Bags,https://www.google.com/search?q=Bigelow%20Tea%20Herbal%20Tea%20Caffeine%20Free%20Chamomile%20Mint%20--%2020%20Tea%20Bags,https://seller.walmart.com/catalog/add-items?search=217974670,N/A,no,no,no,1,0,1,6,Valyou General,mfn,$10.43,6,$10.43,$10.43,10.43,2.64,6.96,66.69 %,263.47 %,3.85,7.68,1,NA,N/A,$0.83,$0.00,0,$0.83,8.00%,$0.00,1,$0.00,$0.30 /lb,$0.00,$0.00,$0.00,$0.00,$0.00,0,$0.00,,0,"For better accuracy, we’ve used dimensions from  to provide more precise estimates,3 or less sellers","0.00, 0.00, 0.00 in, 0.00 lbs",0.00,0.00,0.00,0.00,N/A,Computer
"05/20/2025, 06:22 AM PDT","05/20/2025, 09:22 AM EDT","05/20/2025, 08:22 AM CDT","05/20/2025, 06:22 AM PDT","Bigelow Matcha Green Tea with Turmeric, Green Tea Bags, 18 Count",695711042,72310008618,"Matcha Green with Turmeric, Single",2,Bigelow Tea,Grocery,Tea Bags,N/A,N/A,228009,https://i5.walmartimages.com/seo/Bigelow-Matcha-Green-Tea-with-Turmeric-Green-Tea-Bags-18-Count_84c90a4b-2c33-4d45-8306-d7af57357840.a2f8fdb7358d5b30ccf0261192dec883.jpeg,,N/A,https://www.walmart.com/ip/695711042,2.64,https://www.amazon.com/dp/B07N784RYN,https://www.amazon.com/s?k=Bigelow%20Matcha%20Green%20Tea%20with%20Turmeric%2C%20Green%20Tea%20Bags%2C%2018%20Count,https://www.ebay.com/sch/i.html?_nkw=Bigelow%20Matcha%20Green%20Tea%20with%20Turmeric%2C%20Green%20Tea%20Bags%2C%2018%20Count,https://www.google.com/search?q=Bigelow%20Matcha%20Green%20Tea%20with%20Turmeric%2C%20Green%20Tea%20Bags%2C%2018%20Count,https://seller.walmart.com/catalog/add-items?search=695711042,N/A,no,no,no,8,2,6,9012,warrmcohub,wfs,$9.96,35,$8.31,$10.25,9.96,2.64,1.99,20.01 %,75.48 %,7.70,3.71,1,$7.50,100+ units sold this month on Amazon,$5.33,$3.45,0,$0.80,8.00%,$0.02,1,$1.06,$0.30 /lb,$0.06,$0.00,$0.00,$0.00,$0.00,0,$0.00,4.4,78,"The listing has 2 variations,Pulling package information from B07N784RYN via amazon.com","5.28, 3.15, 2.83 in, 0.20 lbs",5.28,3.15,2.83,0.20,N/A,Computer
"05/20/2025, 06:29 AM PDT","05/20/2025, 09:29 AM EDT","05/20/2025, 08:29 AM CDT","05/20/2025, 06:29 AM PDT","Bigelow Perfect Peach, Caffeine Free, Herbal Tea Bags, 20 Count",10293185,72310000407,"Perfect Peach, Single",1,Bigelow Tea,Grocery,Tea Bags,N/A,N/A,00040,https://i5.walmartimages.com/seo/Bigelow-Perfect-Peach-Herbal-Tea-Bags-20-count-1-37-oz_26c62b0d-b1ef-47ef-84d7-4b58a48642f5.346ade3465d9acb954edc95594d5e783.jpeg,,N/A,https://www.walmart.com/ip/10293185,2.64,https://www.amazon.com/dp/B086ZKK6VJ,https://www.amazon.com/s?k=Bigelow%20Perfect%20Peach%2C%20Caffeine%20Free%2C%20Herbal%20Tea%20Bags%2C%2020%20Count,https://www.ebay.com/sch/i.html?_nkw=Bigelow%20Perfect%20Peach%2C%20Caffeine%20Free%2C%20Herbal%20Tea%20Bags%2C%2020%20Count,https://www.google.com/search?q=Bigelow%20Perfect%20Peach%2C%20Caffeine%20Free%2C%20Herbal%20Tea%20Bags%2C%2020%20Count,https://seller.walmart.com/catalog/add-items?search=10293185,N/A,no,yes,no,5,1,4,139,ARCSOLUTIONS,wfs,$9.62,34,$9.47,$10.00,9.62,2.64,1.69,17.53 %,63.87 %,7.70,3.46,1,$31.83,N/A,$5.29,$3.45,0,$0.77,8.00%,$0.02,1,$1.05,$0.30 /lb,$0.05,$0.00,$0.00,$0.00,$0.00,0,$0.00,4,111,"For better accuracy, we’ve used dimensions from B005SHO0R4 to provide more precise estimates","5.24, 3.19, 2.80 in, 0.18 lbs",5.24,3.19,2.80,0.18,N/A,Computer
"05/21/2025, 12:06 AM PDT","05/21/2025, 03:06 AM EDT","05/21/2025, 02:06 AM CDT","05/21/2025, 12:06 AM PDT","Bigelow Red Raspberry, Caffeine-Free Herbal Tea Bags, 20 Count",10293184,72310000377,N/A,N/A,Bigelow Tea,Grocery,Tea Bags,N/A,N/A,37,https://i5.walmartimages.com/seo/Bigelow-Red-Raspberry-Caffeine-Free-Herbal-Tea-Bags-20-Count_5c3dd4ef-213a-4fa8-97e3-dc2b72a83bbf.806826de21fd98428bb218931e825ec3.jpeg,,N/A,https://www.walmart.com/ip/10293184,2.64,https://www.amazon.com/dp/B001AG67P0,https://www.amazon.com/s?k=Bigelow%20Red%20Raspberry%2C%20Caffeine-Free%20Herbal%20Tea%20Bags%2C%2020%20Count,https://www.ebay.com/sch/i.html?_nkw=Bigelow%20Red%20Raspberry%2C%20Caffeine-Free%20Herbal%20Tea%20Bags%2C%2020%20Count,https://www.google.com/search?q=Bigelow%20Red%20Raspberry%2C%20Caffeine-Free%20Herbal%20Tea%20Bags%2C%2020%20Count,https://seller.walmart.com/catalog/add-items?search=10293184,N/A,no,no,no,6,2,4,25251,OTCRx4U,wfs,$9.46,14,$9.46,$13.15,9.46,2.64,1.54,16.28 %,58.32 %,7.70,3.34,1,$30.04,N/A,$5.28,$3.45,0,$0.76,8.00%,$0.02,1,$1.05,$0.30 /lb,$0.05,$0.00,$0.00,$0.00,$0.00,0,$0.00,4.6,77,"Pulling package information from B001AG67P0 via amazon.com,User edited dimensions/weight","5.47, 3.15, 2.60 in, 0.18 lbs",5.47,3.15,2.60,0.18,N/A,Computer
"05/21/2025, 12:09 AM PDT","05/21/2025, 03:09 AM EDT","05/21/2025, 02:09 AM CDT","05/21/2025, 12:09 AM PDT","Bigelow Spiced Chai, Black Tea Bags, 20 Count",29210187,72310001619,N/A,N/A,Bigelow Tea,Grocery,Tea Bags,N/A,N/A,161,https://i5.walmartimages.com/seo/Bigelow-Spiced-Chai-Black-Tea-Bags-20-Count_abbd39d3-68a1-4060-ae7d-518dfcb40ab3.5be95a190e874d71aa6c784735025b88.jpeg,,N/A,https://www.walmart.com/ip/29210187,2.64,https://www.amazon.com/dp/B00HYJURWG,https://www.amazon.com/s?k=Bigelow%20Spiced%20Chai%2C%20Black%20Tea%20Bags%2C%2020%20Count,https://www.ebay.com/sch/i.html?_nkw=Bigelow%20Spiced%20Chai%2C%20Black%20Tea%20Bags%2C%2020%20Count,https://www.google.com/search?q=Bigelow%20Spiced%20Chai%2C%20Black%20Tea%20Bags%2C%2020%20Count,https://seller.walmart.com/catalog/add-items?search=29210187,N/A,no,no,no,7,2,5,258,OTCRx4U,wfs,$9.08,14,$9.08,$18.17,9.08,2.64,1.19,13.11 %,45.09 %,7.70,3.06,1,$95.11,N/A,$5.25,$3.45,0,$0.73,8.00%,$0.02,1,$1.05,$0.30 /lb,$0.05,$0.00,$0.00,$0.00,$0.00,0,$0.00,4.5,56,"For better accuracy, we’ve used dimensions from B007UN91PU to provide more precise estimates","5.12, 3.11, 2.80 in, 0.18 lbs",5.12,3.11,2.80,0.18,N/A,Computer
"05/21/2025, 12:10 AM PDT","05/21/2025, 03:10 AM EDT","05/21/2025, 02:10 AM CDT","05/21/2025, 12:10 AM PDT","Bigelow Sweet Dreams Herbal Tea Bags, 20 count, 1.09 oz",10293189,72310000865,N/A,N/A,Bigelow Tea,Grocery,Tea Bags,N/A,N/A,00086,https://i5.walmartimages.com/seo/Bigelow-Sweet-Dreams-Herbal-Tea-Bags-20-count-1-09-oz_1a25efc7-2fa2-47a4-a09f-2091371b7831.b8fd38588ec0399b2aa4e83aeed169a9.jpeg,,N/A,https://www.walmart.com/ip/10293189,2.64,https://www.amazon.com/dp/B005GTTRB8,https://www.amazon.com/s?k=Bigelow%20Sweet%20Dreams%20Herbal%20Tea%20Bags%2C%2020%20count%2C%201.09%20oz,https://www.ebay.com/sch/i.html?_nkw=Bigelow%20Sweet%20Dreams%20Herbal%20Tea%20Bags%2C%2020%20count%2C%201.09%20oz,https://www.google.com/search?q=Bigelow%20Sweet%20Dreams%20Herbal%20Tea%20Bags%2C%2020%20count%2C%201.09%20oz,https://seller.walmart.com/catalog/add-items?search=10293189,N/A,no,no,no,6,1,5,10076,Hidden Gems LLC,wfs,$8.55,24,$8.55,$12.27,8.55,2.64,0.7,8.19 %,26.54 %,7.70,2.67,1,$9.34,N/A,$5.21,$3.45,0,$0.68,8.00%,$0.02,1,$1.05,$0.30 /lb,$0.05,$0.00,$0.00,$0.00,$0.00,0,$0.00,4.7,111,Pulling package information from B005GTTRB8 via amazon.com,"5.47, 3.31, 2.72 in, 0.18 lbs",5.47,3.31,2.72,0.18,N/A,Computer
"05/21/2025, 12:13 AM PDT","05/21/2025, 03:13 AM EDT","05/21/2025, 02:13 AM CDT","05/21/2025, 12:13 AM PDT","Bigelow Vanilla Caramel, Black Tea Bags, 20 Count",10293197,72310001695,Single,2,Bigelow Tea,Grocery,Tea Bags,N/A,N/A,00169,https://i5.walmartimages.com/seo/Bigelow-Vanilla-Caramel-Black-Tea-Bags-20-Count_8565984d-56e3-4ef5-8ee2-5e7645124ead.db34ee374db17b4206468e38b44b21d1.jpeg,,N/A,https://www.walmart.com/ip/10293197,2.64,https://www.amazon.com/dp/B004X6TP3A,https://www.amazon.com/s?k=Bigelow%20Vanilla%20Caramel%2C%20Black%20Tea%20Bags%2C%2020%20Count,https://www.ebay.com/sch/i.html?_nkw=Bigelow%20Vanilla%20Caramel%2C%20Black%20Tea%20Bags%2C%2020%20Count,https://www.google.com/search?q=Bigelow%20Vanilla%20Caramel%2C%20Black%20Tea%20Bags%2C%2020%20Count,https://seller.walmart.com/catalog/add-items?search=10293197,N/A,no,no,no,5,4,1,64,Hidden Gems LLC,wfs,$8.94,28,$8.94,$9.45,8.94,2.64,1.01,11.35 %,38.45 %,7.75,2.92,1,$31.42,N/A,$5.29,$3.45,0,$0.72,8.00%,$0.02,1,$1.10,$0.30 /lb,$0.10,$0.00,$0.00,$0.00,$0.00,0,$0.00,4.8,39,"The listing has 2 variations,For better accuracy, we’ve used dimensions from B0DGL7ZCNH to provide more precise estimates","5.04, 3.50, 2.72 in, 0.33 lbs",5.04,3.50,2.72,0.33,N/A,Computer
"05/21/2025, 12:28 AM PDT","05/21/2025, 03:28 AM EDT","05/21/2025, 02:28 AM CDT","05/21/2025, 12:28 AM PDT",BIRNN DARK CHOCOLATE AMARETTO DESSERT TRUFFLES 1.75 LBS,342028130,618645227586,N/A,N/A,Birnn,Grocery,Chocolate Truffles,N/A,N/A,N/A,https://i5.walmartimages.com/seo/BIRNN-DARK-CHOCOLATE-AMARETTO-DESSERT-TRUFFLES-1-75-LBS_d6e9ae85-a90c-4ea5-9374-24bc935196e9.9070d05dca4af5a7c594fc9070713f90.jpeg,,N/A,https://www.walmart.com/ip/342028130,40.32,N/A,https://www.amazon.com/s?k=BIRNN%20DARK%20CHOCOLATE%20AMARETTO%20DESSERT%20TRUFFLES%201.75%20LBS,https://www.ebay.com/sch/i.html?_nkw=BIRNN%20DARK%20CHOCOLATE%20AMARETTO%20DESSERT%20TRUFFLES%201.75%20LBS,https://www.google.com/search?q=BIRNN%20DARK%20CHOCOLATE%20AMARETTO%20DESSERT%20TRUFFLES%201.75%20LBS,https://seller.walmart.com/catalog/add-items?search=342028130,N/A,no,no,no,1,0,1,4,Golden Curls,mfn,$61.00,4,$61.00,$61.00,61,40.32,7.85,12.87 %,19.47 %,51.65,38.54,1,NA,N/A,$12.83,$3.45,0,$9.15,15.00%,$0.03,1,$0.20,$0.30 /lb,$0.20,$0.00,$0.00,$0.00,$0.00,0,$0.00,,0,"For better accuracy, we’ve used dimensions from B00ULNUI0I to provide more precise estimates,3 or less sellers","6.10, 4.06, 2.44 in, 0.68 lbs",6.10,4.06,2.44,0.68,N/A,Computer
"05/21/2025, 12:41 AM PDT","05/21/2025, 03:41 AM EDT","05/21/2025, 02:41 AM CDT","05/21/2025, 12:41 AM PDT",Biscoff - Snack Pck Cookie Butter Brdstk - Case of 8 - 1.6 oz,345820151,21788016977,N/A,N/A,Biscoff,Grocery,Breadsticks,N/A,N/A,KHLV00311352,https://i5.walmartimages.com/seo/Biscoff-Snack-Pck-Cookie-Butter-Brdstk-Case-of-8-1-6-oz_fa71d007-89c1-4ff5-b0bd-5d2c98e4a128.1703e7808db0bff8e6c4aac45e501cf0.jpeg,,N/A,https://www.walmart.com/ip/345820151,14.32,N/A,https://www.amazon.com/s?k=Biscoff%20-%20Snack%20Pck%20Cookie%20Butter%20Brdstk%20-%20Case%20of%208%20-%201.6%20oz,https://www.ebay.com/sch/i.html?_nkw=Biscoff%20-%20Snack%20Pck%20Cookie%20Butter%20Brdstk%20-%20Case%20of%208%20-%201.6%20oz,https://www.google.com/search?q=Biscoff%20-%20Snack%20Pck%20Cookie%20Butter%20Brdstk%20-%20Case%20of%208%20-%201.6%20oz,https://seller.walmart.com/catalog/add-items?search=345820151,N/A,no,no,no,1,0,1,12,UniversoBrands,mfn,$32.99,12,$32.99,$32.99,32.99,14.32,4.02,12.18 %,28.05 %,28.15,14.67,1,NA,N/A,$14.65,$7.35,0,$4.95,15.00%,$0.13,1,$2.22,$0.30 /lb,$2.22,$0.00,$0.00,$0.00,$0.00,0,$0.00,2.9,10,"For better accuracy, we’ve used dimensions from B075RHQQLM to provide more precise estimates,3 or less sellers","11.73, 5.75, 4.49 in, 7.41 lbs",11.73,5.75,4.49,7.41,N/A,Computer
"05/21/2025, 12:43 AM PDT","05/21/2025, 03:43 AM EDT","05/21/2025, 02:43 AM CDT","05/21/2025, 12:43 AM PDT","Lotus Biscoff Sandwich Cookie Milk Chocolate Cream, 5.29 Oz",934458499,21788506355,N/A,N/A,Biscoff,Grocery,Cookies,N/A,N/A,N/A,https://i5.walmartimages.com/seo/Lotus-Biscoff-Sandwich-Cookie-Milk-Chocolate-Cream-5-29-Oz_24a6c5f8-6594-472f-9fa5-893adf705a74.606d8859367cc795768aa8616685f002.jpeg,,N/A,https://www.walmart.com/ip/934458499,3.39,https://www.amazon.com/dp/B0078G2QD8,https://www.amazon.com/s?k=Lotus%20Biscoff%20Sandwich%20Cookie%20Milk%20Chocolate%20Cream%2C%205.29%20Oz,https://www.ebay.com/sch/i.html?_nkw=Lotus%20Biscoff%20Sandwich%20Cookie%20Milk%20Chocolate%20Cream%2C%205.29%20Oz,https://www.google.com/search?q=Lotus%20Biscoff%20Sandwich%20Cookie%20Milk%20Chocolate%20Cream%2C%205.29%20Oz,https://seller.walmart.com/catalog/add-items?search=934458499,N/A,no,no,no,2,1,1,16,Fletho,wfs,$10.00,13,$9.85,$10.00,10,3.39,2.25,22.49 %,66.35 %,8.55,4.51,1,OOS,N/A,$4.36,$3.45,0,$0.80,8.00%,$0.01,1,$0.10,$0.30 /lb,$0.10,$0.00,$0.00,$0.00,$0.00,0,$0.00,5,3,"Pulling package information from B0078G2QD8 via amazon.com,3 or less sellers","9.02, 1.85, 1.61 in, 0.33 lbs",9.02,1.85,1.61,0.33,N/A,Computer
"05/21/2025, 12:46 AM PDT","05/21/2025, 03:46 AM EDT","05/21/2025, 02:46 AM CDT","05/21/2025, 12:46 AM PDT",Lotus Biscoff Sandwich Cookie Vanilla Cream 150g,968861878,21788506379,N/A,N/A,Biscoff,Grocery,Cookies,N/A,N/A,N/A,https://i5.walmartimages.com/seo/Lotus-Biscoff-Sandwich-Cookie-Vanilla-Cream-150g_0ffe11bb-a927-4339-b917-587117923bdd.fcb4cee8e56d06bcfb776d7b54effa39.jpeg,,N/A,https://www.walmart.com/ip/968861878,3.39,https://www.amazon.com/dp/B0BB843VBF,https://www.amazon.com/s?k=Lotus%20Biscoff%20Sandwich%20Cookie%20Vanilla%20Cream%20150g,https://www.ebay.com/sch/i.html?_nkw=Lotus%20Biscoff%20Sandwich%20Cookie%20Vanilla%20Cream%20150g,https://www.google.com/search?q=Lotus%20Biscoff%20Sandwich%20Cookie%20Vanilla%20Cream%20150g,https://seller.walmart.com/catalog/add-items?search=968861878,N/A,yes,yes,no,3,1,2,623,Fletho,wfs,$7.99,19,$6.98,$7.99,10,3.39,2.25,22.49 %,66.33 %,8.55,4.51,1,$5.23,N/A,$4.36,$3.45,0,$0.80,8.00%,$0.01,1,$0.10,$0.30 /lb,$0.10,$0.00,$0.00,$0.00,$0.00,0,$0.00,3.5,14,"Pulling package information from B0BB843VBF via amazon.com,3 or less sellers","9.13, 1.81, 1.73 in, 0.33 lbs",9.13,1.81,1.73,0.33,N/A,Computer
"05/21/2025, 12:48 AM PDT","05/21/2025, 03:48 AM EDT","05/21/2025, 02:48 AM CDT","05/21/2025, 12:48 AM PDT",Bit O Honey 4.2 oz Spangler Almond & Honey Candy - Pack of 12,1346263228,30800989007,N/A,N/A,Bit-O-Honey,Grocery,Taffy Candy,N/A,N/A,6066080,https://i5.walmartimages.com/seo/Bit-O-Honey-4-2-oz-Spangler-Almond-Honey-Candy-Pack-of-12_0c4e92b8-a941-49c3-a0e0-33993e9c818e.dabce8061642056a3f9155a89e2b1ccd.jpeg,,N/A,https://www.walmart.com/ip/1346263228,19.56,N/A,https://www.amazon.com/s?k=Bit%20O%20Honey%204.2%20oz%20Spangler%20Almond%20%26%20Honey%20Candy%20-%20Pack%20of%2012,https://www.ebay.com/sch/i.html?_nkw=Bit%20O%20Honey%204.2%20oz%20Spangler%20Almond%20%26%20Honey%20Candy%20-%20Pack%20of%2012,https://www.google.com/search?q=Bit%20O%20Honey%204.2%20oz%20Spangler%20Almond%20%26%20Honey%20Candy%20-%20Pack%20of%2012,https://seller.walmart.com/catalog/add-items?search=1346263228,N/A,no,no,no,5,0,5,11967,Legendary Superheroes,mfn,$39.90,2,$39.90,$44.99,39.9,19.56,6.45,16.17 %,32.99 %,32.20,20.81,1,NA,N/A,$13.89,$6.55,0,$5.99,15.00%,$0.31,1,$1.04,$0.30 /lb,$1.04,$0.00,$0.00,$0.00,$0.00,0,$0.00,1,1,"For better accuracy, we’ve used dimensions from B00K5SX1VM to provide more precise estimates","11.89, 11.69, 5.16 in, 3.47 lbs",11.89,11.69,5.16,3.47,N/A,Computer
"05/21/2025, 12:52 AM PDT","05/21/2025, 03:52 AM EDT","05/21/2025, 02:52 AM CDT","05/21/2025, 12:52 AM PDT","Bit-O-Honey Candy, 1 Pound Bag, Individually Wrapped Candy, Honey Taffy",12924454921,840258816844,N/A,N/A,Bit-O-Honey,Grocery,Taffy Candy,N/A,N/A,N/A,https://i5.walmartimages.com/seo/Bit-O-Honey-Candy-1-Pound-Bag-Individually-Wrapped-Candy-Honey-Taffy_0e5d7899-3550-40c1-91ff-e6058694970d.e319c510d4e933146dd3df70febf9289.jpeg,,N/A,https://www.walmart.com/ip/12924454921,4.44,https://www.amazon.com/dp/B0CXHN2XMB,https://www.amazon.com/s?k=Bit-O-Honey%20Candy%2C%201%20Pound%20Bag%2C%20Individually%20Wrapped%20Candy%2C%20Honey%20Taffy,https://www.ebay.com/sch/i.html?_nkw=Bit-O-Honey%20Candy%2C%201%20Pound%20Bag%2C%20Individually%20Wrapped%20Candy%2C%20Honey%20Taffy,https://www.google.com/search?q=Bit-O-Honey%20Candy%2C%201%20Pound%20Bag%2C%20Individually%20Wrapped%20Candy%2C%20Honey%20Taffy,https://seller.walmart.com/catalog/add-items?search=12924454921,N/A,no,no,no,1,1,0,43,The Hampton Popcorn & Candy Co,wfs,$10.99,43,$10.99,$10.99,10.99,4.44,0.39,3.59 %,8.88 %,10.50,3.87,1,$12.99,300+ units sold this month on Amazon,$6.16,$4.95,0,$0.88,8.00%,$0.04,1,$0.28,$0.30 /lb,$0.28,$0.00,$0.00,$0.00,$0.00,0,$0.00,1,1,"Pulling package information from B0CXHN2XMB via amazon.com,3 or less sellers","8.27, 5.67, 2.05 in, 0.95 lbs",8.27,5.67,2.05,0.95,N/A,Computer
"05/21/2025, 01:00 AM PDT","05/21/2025, 04:00 AM EDT","05/21/2025, 03:00 AM CDT","05/21/2025, 01:00 AM PDT",Black Jack Chewing Gum Tin,809782244,86232910324,One Size Fits All,1,Fox Valley Traders,Grocery,Chewing Gum,N/A,N/A,N/A,https://i5.walmartimages.com/seo/Black-Jack-Chewing-Gum-Tin_88bdbc28-a334-45e7-b16a-1c12b7f208bd_1.6b6b62b6452c94f8ec5523cb248818fd.jpeg,,N/A,https://www.walmart.com/ip/809782244,5.45,https://www.amazon.com/dp/B081MBNMNB,https://www.amazon.com/s?k=Black%20Jack%20Chewing%20Gum%20Tin,https://www.ebay.com/sch/i.html?_nkw=Black%20Jack%20Chewing%20Gum%20Tin,https://www.google.com/search?q=Black%20Jack%20Chewing%20Gum%20Tin,https://seller.walmart.com/catalog/add-items?search=809782244,N/A,no,no,no,5,4,1,147,Blue Market,wfs,$11.95,31,$11.95,$12.19,11.95,5.45,1.9,15.89 %,34.85 %,0.00,5.88,1,$8.25,100+ units sold this month on Amazon,$4.60,$3.45,0,$0.96,8.00%,$0.01,1,$0.18,$0.30 /lb,$0.18,$0.00,$0.00,$0.00,$0.00,0,$0.00,4.1,27,Pulling package information from B081MBNMNB via amazon.com,"6.06, 4.65, 1.22 in, 0.60 lbs",6.06,4.65,1.22,0.60,N/A,Computer
"05/21/2025, 01:02 AM PDT","05/21/2025, 04:02 AM EDT","05/21/2025, 03:02 AM CDT","05/21/2025, 01:02 AM PDT","Gerrit Sugar Free Black Jack Chewing Gum, 20 Piece Tube - 12 Count Display Box",6147753770,86232911277,Black Jack,4,Gerrit Verburg,Grocery,Chewing Gum,N/A,N/A,N/A,https://i5.walmartimages.com/seo/Gerrit-Sugar-Free-Black-Jack-Chewing-Gum-20-Piece-Tube-12-Count-Display-Box_24f84a6d-a5f1-4d12-b675-9f672e7fa0b0.0715347e5a332a04dd4ff3cfe69cc5aa.jpeg,,N/A,https://www.walmart.com/ip/6147753770,14.64,N/A,https://www.amazon.com/s?k=Gerrit%20Sugar%20Free%20Black%20Jack%20Chewing%20Gum%2C%2020%20Piece%20Tube%20-%2012%20Count%20Display%20Box,https://www.ebay.com/sch/i.html?_nkw=Gerrit%20Sugar%20Free%20Black%20Jack%20Chewing%20Gum%2C%2020%20Piece%20Tube%20-%2012%20Count%20Display%20Box,https://www.google.com/search?q=Gerrit%20Sugar%20Free%20Black%20Jack%20Chewing%20Gum%2C%2020%20Piece%20Tube%20-%2012%20Count%20Display%20Box,https://seller.walmart.com/catalog/add-items?search=6147753770,N/A,no,no,no,3,1,2,27,SAI CANDY & BEYOND,wfs,$25.99,6,$24.98,$25.99,25.99,14.64,3.8,14.64 %,25.99 %,21.40,14.76,1,NA,N/A,$7.55,$3.45,0,$3.90,15.00%,$0.02,1,$0.18,$0.30 /lb,$0.18,$0.00,$0.00,$0.00,$0.00,0,$0.00,,0,"The listing has 4 variations,For better accuracy, we’ve used dimensions from B0D1DRYBZY to provide more precise estimates,3 or less sellers","5.47, 3.98, 1.81 in, 0.60 lbs",5.47,3.98,1.81,0.60,N/A,Computer
"05/21/2025, 03:20 AM PDT","05/21/2025, 06:20 AM EDT","05/21/2025, 05:20 AM CDT","05/21/2025, 03:20 AM PDT","Charms Blow Pop Gumballs Candy, Inside Outs, 7 Ounce Bag",1218885035,14200202447,1,20,Charms,Grocery,Gummy Candy,N/A,N/A,N/A,https://i5.walmartimages.com/seo/Charms-Blow-Pop-Gumballs-Candy-Inside-Outs-7-Ounce-Bag_1f7b4d63-649e-4f6f-9f2c-adf9d90c4882.7e28a7ddaa2bd4535d51175e6efc1993.jpeg,,N/A,https://www.walmart.com/ip/1218885035,2.17,https://www.amazon.com/dp/B09XPGLDGD,https://www.amazon.com/s?k=Charms%20Blow%20Pop%20Gumballs%20Candy%2C%20Inside%20Outs%2C%207%20Ounce%20Bag,https://www.ebay.com/sch/i.html?_nkw=Charms%20Blow%20Pop%20Gumballs%20Candy%2C%20Inside%20Outs%2C%207%20Ounce%20Bag,https://www.google.com/search?q=Charms%20Blow%20Pop%20Gumballs%20Candy%2C%20Inside%20Outs%2C%207%20Ounce%20Bag,https://seller.walmart.com/catalog/add-items?search=1218885035,N/A,no,no,no,4,1,3,584,GF Dist.,wfs,$7.55,13,$7.17,$14.91,7.55,2.17,0.18,2.34 %,8.15 %,7.25,1.88,1,$8.60,300+ units sold this month on Amazon,$5.20,$3.45,0,$0.60,8.00%,$0.02,1,$1.13,$0.30 /lb,$0.13,$0.00,$0.00,$0.00,$0.00,0,$0.00,5,1,"The listing has 20 variations,Pulling package information from B09XPGLDGD via amazon.com","7.17, 4.69, 1.18 in, 0.44 lbs",7.17,4.69,1.18,0.44,N/A,Computer
"05/21/2025, 03:28 AM PDT","05/21/2025, 06:28 AM EDT","05/21/2025, 05:28 AM CDT","05/21/2025, 03:28 AM PDT","Charms Blow Pop Candy Minis Xmas, 3 oz",416169433,14200245543,N/A,N/A,Charms,Grocery,Chocolate & Candy Assortments,N/A,N/A,N/A,https://i5.walmartimages.com/seo/Charms-Blow-Pop-Candy-Minis-Xmas-3-oz_0cf653af-8a5b-41e8-8a4c-f20776a4eca9.c535b3b9a87e826a8fe0c3c95bcac3a0.jpeg,,N/A,https://www.walmart.com/ip/416169433,1.73,https://www.amazon.com/dp/B09KNFL4FB,https://www.amazon.com/s?k=Charms%20Blow%20Pop%20Candy%20Minis%20Xmas%2C%203%20oz,https://www.ebay.com/sch/i.html?_nkw=Charms%20Blow%20Pop%20Candy%20Minis%20Xmas%2C%203%20oz,https://www.google.com/search?q=Charms%20Blow%20Pop%20Candy%20Minis%20Xmas%2C%203%20oz,https://seller.walmart.com/catalog/add-items?search=416169433,N/A,yes,yes,no,2,1,1,15,Digital Media Arts LLC,wfs,$6.97,10,$6.96,$6.97,6.96,1.73,0.16,2.25 %,9.07 %,6.70,1.51,1,$3.99,N/A,$5.07,$3.45,0,$0.56,8.00%,$0.01,1,$1.06,$0.30 /lb,$0.06,$0.00,$0.00,$0.00,$0.00,0,$0.00,3.2,10,3 or less sellers,"0.80, 5.75, 4.65 in, 0.19 lbs",0.80,5.75,4.65,0.19,N/A,Computer
"05/21/2025, 03:31 AM PDT","05/21/2025, 06:31 AM EDT","05/21/2025, 05:31 AM CDT","05/21/2025, 03:31 AM PDT","Blue Diamond Almonds, Snack Nut Flavored Chile n' Lime perfect for On-the Go, and Snacking, 6 Ounce CanZAKH1",16533023323,765701475426,N/A,N/A,Blue Diamond Growers,Grocery,Edible Nuts,N/A,N/A,N/A,https://i5.walmartimages.com/seo/Blue-Diamond-Almonds-Snack-Nut-Flavored-Chile-n-Lime-perfect-for-On-the-Go-and-Snacking-6-Ounce-CanZAKH1_d43381f3-ea40-4adb-a830-b1a93fbb22ff.f63e486567315c7ee939b9a9a08995ed.jpeg,,N/A,https://www.walmart.com/ip/16533023323,3.59,N/A,https://www.amazon.com/s?k=Blue%20Diamond%20Almonds%2C%20Snack%20Nut%20Flavored%20Chile%20n'%20Lime%20perfect%20for%20On-the%20Go%2C%20and%20Snacking%2C%206%20Ounce%20CanZAKH1,https://www.ebay.com/sch/i.html?_nkw=Blue%20Diamond%20Almonds%2C%20Snack%20Nut%20Flavored%20Chile%20n'%20Lime%20perfect%20for%20On-the%20Go%2C%20and%20Snacking%2C%206%20Ounce%20CanZAKH1,https://www.google.com/search?q=Blue%20Diamond%20Almonds%2C%20Snack%20Nut%20Flavored%20Chile%20n'%20Lime%20perfect%20for%20On-the%20Go%2C%20and%20Snacking%2C%206%20Ounce%20CanZAKH1,https://seller.walmart.com/catalog/add-items?search=16533023323,N/A,no,no,no,1,0,1,10,systemlogicsllc,mfn,$19.98,10,$19.98,$19.98,19.98,3.59,9.79,49.01 %,272.77 %,8.80,10.71,1,NA,N/A,$6.60,$3.45,0,$3.00,15.00%,$0.01,1,$0.14,$0.30 /lb,$0.14,$0.00,$0.00,$0.00,$0.00,0,$0.00,,0,"For better accuracy, we’ve used dimensions from B0CLFNN2PM to provide more precise estimates,3 or less sellers","3.46, 3.35, 2.52 in, 0.46 lbs",3.46,3.35,2.52,0.46,N/A,Computer
"05/21/2025, 03:34 AM PDT","05/21/2025, 06:34 AM EDT","05/21/2025, 05:34 AM CDT","05/21/2025, 03:34 AM PDT",Blue Diamond Almonds Roasted Salted 6 oz. Canister,10307510,41570029701,N/A,N/A,Blue Diamond Almonds,Grocery,Edible Nuts,N/A,N/A,9124033,https://i5.walmartimages.com/seo/Blue-Diamond-Almonds-Roasted-Salted-6-oz-Canister_cd18fece-64e0-400e-a0c7-a2eaa0586238_1.1b8892ff75239152d9893795f3fede9d.jpeg,,N/A,https://www.walmart.com/ip/10307510,3.59,https://www.amazon.com/dp/B001DTEFUI,https://www.amazon.com/s?k=Blue%20Diamond%20Almonds%20Roasted%20Salted%206%20oz.%20Canister,https://www.ebay.com/sch/i.html?_nkw=Blue%20Diamond%20Almonds%20Roasted%20Salted%206%20oz.%20Canister,https://www.google.com/search?q=Blue%20Diamond%20Almonds%20Roasted%20Salted%206%20oz.%20Canister,https://seller.walmart.com/catalog/add-items?search=10307510,N/A,no,no,no,2,0,2,8,Grab Deals LLC,mfn,$10.49,4,$10.49,$12.95,10.49,3.59,0.71,6.79 %,19.84 %,0.00,3.44,1,OOS,N/A,$6.19,$4.95,0,$0.84,8.00%,$0.04,1,$0.36,$0.30 /lb,$0.36,$0.00,$0.00,$0.00,$0.00,0,$0.00,4.6,215,"Pulling package information from B001DTEFUI via amazon.com,3 or less sellers","7.91, 3.39, 3.31 in, 1.20 lbs",7.91,3.39,3.31,1.20,N/A,Computer
"05/21/2025, 03:37 AM PDT","05/21/2025, 06:37 AM EDT","05/21/2025, 05:37 AM CDT","05/21/2025, 03:37 AM PDT","Blue Diamond Almonds Whole Natural Almonds, Irresistible Snacking, 6 oz (170g), Metal Can",10307508,41570003831,N/A,N/A,Blue Diamond Almonds,Grocery,Edible Nuts,N/A,N/A,00383,https://i5.walmartimages.com/seo/Blue-Diamond-Almonds-Whole-Natural-Almonds-Irresistible-Snacking-6-oz-170g-Metal-Can_eb0eba34-de1d-4045-bb6a-b1538ce1c720.614aac59f63d08a99ffea6cd78860237.jpeg,,N/A,https://www.walmart.com/ip/10307508,3.59,https://www.amazon.com/dp/B081PPN2RZ,https://www.amazon.com/s?k=Blue%20Diamond%20Almonds%20Whole%20Natural%20Almonds%2C%20Irresistible%20Snacking%2C%206%20oz%20(170g)%2C%20Metal%20Can,https://www.ebay.com/sch/i.html?_nkw=Blue%20Diamond%20Almonds%20Whole%20Natural%20Almonds%2C%20Irresistible%20Snacking%2C%206%20oz%20(170g)%2C%20Metal%20Can,https://www.google.com/search?q=Blue%20Diamond%20Almonds%20Whole%20Natural%20Almonds%2C%20Irresistible%20Snacking%2C%206%20oz%20(170g)%2C%20Metal%20Can,https://seller.walmart.com/catalog/add-items?search=10307508,N/A,no,no,no,2,0,2,38,AHM INDUSTRIAL REVOLUTION,mfn,$9.18,35,$9.18,$11.34,9.18,3.59,0.22,2.42 %,6.18 %,8.85,3.05,1,$26.83,N/A,$5.37,$3.45,0,$0.73,8.00%,$0.01,1,$1.17,$0.30 /lb,$0.17,$0.00,$0.00,$0.00,$0.00,0,$0.00,4.8,609,"For better accuracy, we’ve used dimensions from B000VDQZFK to provide more precise estimates,3 or less sellers","3.46, 3.35, 2.52 in, 0.57 lbs",3.46,3.35,2.52,0.57,N/A,Computer
"05/21/2025, 03:42 AM PDT","05/21/2025, 06:42 AM EDT","05/21/2025, 05:42 AM CDT","05/21/2025, 03:42 AM PDT","Blue Diamond Crunchy Chile N Lime Snack 1.5oz Tubes, Tangy, 12 Count",807457927,734025577031,N/A,N/A,Blue Diamond Almonds,Grocery,Edible Nuts,N/A,N/A,N/A,https://i5.walmartimages.com/seo/Blue-Diamond-Crunchy-Chile-N-Lime-Snack-1-5oz-Tubes-Tangy-12-Count_2cb124b7-3400-4ade-b3c7-6e156485e015.bfd7837e7f7857ef635cb0b3978c4c47.png,,N/A,https://www.walmart.com/ip/807457927,12.24,N/A,https://www.amazon.com/s?k=Blue%20Diamond%20Crunchy%20Chile%20N%20Lime%20Snack%201.5oz%20Tubes%2C%20Tangy%2C%2012%20Count,https://www.ebay.com/sch/i.html?_nkw=Blue%20Diamond%20Crunchy%20Chile%20N%20Lime%20Snack%201.5oz%20Tubes%2C%20Tangy%2C%2012%20Count,https://www.google.com/search?q=Blue%20Diamond%20Crunchy%20Chile%20N%20Lime%20Snack%201.5oz%20Tubes%2C%20Tangy%2C%2012%20Count,https://seller.walmart.com/catalog/add-items?search=807457927,N/A,no,no,no,2,0,2,38,Snackathon Foods,mfn,$23.45,33,$23.45,$25.49,23.45,12.24,2.25,9.61 %,18.40 %,20.70,11.59,1,NA,N/A,$8.96,$4.95,0,$3.52,15.00%,$0.08,1,$0.41,$0.30 /lb,$0.41,$0.00,$0.00,$0.00,$0.00,0,$0.00,,0,"For better accuracy, we’ve used dimensions from B0F22DGWFB to provide more precise estimates,3 or less sellers","8.39, 5.59, 4.02 in, 1.36 lbs",8.39,5.59,4.02,1.36,N/A,Computer
"05/21/2025, 03:51 AM PDT","05/21/2025, 06:51 AM EDT","05/21/2025, 05:51 AM CDT","05/21/2025, 03:51 AM PDT","Blue Diamond Almonds Nut-Thins Artisan, Multi-Seed, Snack Crackers, Gluten-Free, 4.25oz",34298304,41570109106,N/A,N/A,Blue Diamond Almonds,Grocery,Snack Crackers,Blue Diamond Growers,N/A,92706,https://i5.walmartimages.com/seo/Blue-Diamond-Almonds-Nut-Thins-Artisan-Multi-Seed-Snack-Crackers-Gluten-Free-4-25oz_263cc98b-cfa8-4e99-8cdf-91906fc898d2.e03028334808dae5b53a277df723d28b.jpeg,,N/A,https://www.walmart.com/ip/34298304,3.59,https://www.amazon.com/dp/B00IV6OBK0,https://www.amazon.com/s?k=Blue%20Diamond%20Almonds%20Nut-Thins%20Artisan%2C%20Multi-Seed%2C%20Snack%20Crackers%2C%20Gluten-Free%2C%204.25oz,https://www.ebay.com/sch/i.html?_nkw=Blue%20Diamond%20Almonds%20Nut-Thins%20Artisan%2C%20Multi-Seed%2C%20Snack%20Crackers%2C%20Gluten-Free%2C%204.25oz,https://www.google.com/search?q=Blue%20Diamond%20Almonds%20Nut-Thins%20Artisan%2C%20Multi-Seed%2C%20Snack%20Crackers%2C%20Gluten-Free%2C%204.25oz,https://seller.walmart.com/catalog/add-items?search=34298304,N/A,no,yes,no,5,1,4,53,OTCRx4U,wfs,$9.57,4,$9.57,$13.20,9.57,3.59,0.62,6.43 %,17.13 %,8.80,3.36,1,$11.93,N/A,$5.36,$3.45,0,$0.77,8.00%,$0.04,1,$1.10,$0.30 /lb,$0.10,$0.00,$0.00,$0.00,$0.00,0,$0.00,4.5,97,Pulling package information from B00IV6OBK0 via amazon.com,"7.40, 5.75, 2.40 in, 0.35 lbs",7.40,5.75,2.40,0.35,N/A,Computer
"05/21/2025, 03:57 AM PDT","05/21/2025, 06:57 AM EDT","05/21/2025, 05:57 AM CDT","05/21/2025, 03:57 AM PDT","Blue Diamond Almonds Bold Sriracha, 1.5 Oz, 12 Ct",157933489,41570110539,Siracha,7,Blue Diamond Almonds,Grocery,Edible Nuts,N/A,N/A,11053,https://i5.walmartimages.com/seo/Blue-Diamond-Almonds-Bold-Sriracha-1-5-Oz-12-Ct_f23818ef-039c-447f-92f5-155254aca15e_1.32688061f41a132b27e89b9acefea63b.jpeg,,N/A,https://www.walmart.com/ip/157933489,12.24,https://www.amazon.com/dp/B077XLK9VJ,https://www.amazon.com/s?k=Blue%20Diamond%20Almonds%20Bold%20Sriracha%2C%201.5%20Oz%2C%2012%20Ct,https://www.ebay.com/sch/i.html?_nkw=Blue%20Diamond%20Almonds%20Bold%20Sriracha%2C%201.5%20Oz%2C%2012%20Ct,https://www.google.com/search?q=Blue%20Diamond%20Almonds%20Bold%20Sriracha%2C%201.5%20Oz%2C%2012%20Ct,https://seller.walmart.com/catalog/add-items?search=157933489,N/A,no,no,no,3,1,2,34,Super Savings Now,wfs,$18.97,10,$18.97,$21.99,18.97,12.24,0.4,2.09 %,3.24 %,18.40,10.11,1,OOS,N/A,$6.33,$3.45,0,$2.85,15.00%,$0.00,1,$0.03,$0.30 /lb,$0.03,$0.00,$0.00,$0.00,$0.00,0,$0.00,4.6,144,"The listing has 7 variations,Pulling package information from B077XLK9VJ via amazon.com,3 or less sellers","7.64, 2.20, 0.63 in, 0.11 lbs",7.64,2.20,0.63,0.11,N/A,Computer
"05/21/2025, 04:06 AM PDT","05/21/2025, 07:06 AM EDT","05/21/2025, 06:06 AM CDT","05/21/2025, 04:06 AM PDT",Blue Top Brand Original Street Sauce 9 oz (Pack Of 6),9231861780,732623625819,Original,4,Blue Top,Grocery,Cooking Sauces & Marinades,N/A,N/A,N/A,https://i5.walmartimages.com/seo/Blue-Top-Brand-Original-Street-Sauce-9-oz-Pack-Of-6_a65d3cb5-9d8f-4dc4-af56-e7b35e294dd5.6441a3f5f80b46cb1b913053517af7a1.jpeg,,N/A,https://www.walmart.com/ip/9231861780,29.94,N/A,https://www.amazon.com/s?k=Blue%20Top%20Brand%20Original%20Street%20Sauce%209%20oz%20(Pack%20Of%206),https://www.ebay.com/sch/i.html?_nkw=Blue%20Top%20Brand%20Original%20Street%20Sauce%209%20oz%20(Pack%20Of%206),https://www.google.com/search?q=Blue%20Top%20Brand%20Original%20Street%20Sauce%209%20oz%20(Pack%20Of%206),https://seller.walmart.com/catalog/add-items?search=9231861780,N/A,no,no,no,1,0,1,12,UniversoBrands,mfn,$58.99,12,$58.99,$58.99,58.99,29.94,14.11,23.91 %,47.11 %,42.30,35.24,1,NA,N/A,$14.94,$5.45,0,$8.85,15.00%,$0.06,1,$0.59,$0.30 /lb,$0.59,$0.00,$0.00,$0.00,$0.00,0,$0.00,,0,"The listing has 4 variations,For better accuracy, we’ve used dimensions from B06XRJSDXG to provide more precise estimates,3 or less sellers","7.17, 6.54, 2.87 in, 1.96 lbs",7.17,6.54,2.87,1.96,N/A,Computer
"05/21/2025, 04:09 AM PDT","05/21/2025, 07:09 AM EDT","05/21/2025, 06:09 AM CDT","05/21/2025, 04:09 AM PDT",B Nutty Nut Butter Blueberry Bliss 9 oz (Pack Of 6),9591267370,732623629688,Blueberry Bliss,6,bnutty,Grocery,Nut Butters & Spreads,N/A,N/A,N/A,https://i5.walmartimages.com/seo/B-Nutty-Nut-Butter-Blueberry-Bliss-9-oz-Pack-Of-6_fbec6f63-82a8-4e86-97b2-c8261440db08.486772587f7e62be9b7d46adc6e71807.jpeg,,N/A,https://www.walmart.com/ip/9591267370,28.74,N/A,https://www.amazon.com/s?k=B%20Nutty%20Nut%20Butter%20Blueberry%20Bliss%209%20oz%20(Pack%20Of%206),https://www.ebay.com/sch/i.html?_nkw=B%20Nutty%20Nut%20Butter%20Blueberry%20Bliss%209%20oz%20(Pack%20Of%206),https://www.google.com/search?q=B%20Nutty%20Nut%20Butter%20Blueberry%20Bliss%209%20oz%20(Pack%20Of%206),https://seller.walmart.com/catalog/add-items?search=9591267370,N/A,no,no,no,0,0,0,0,N/A,N/A,0,,,Price,56.99,28.74,19.7,34.57 %,68.55 %,33.70,38.75,1,NA,N/A,$8.55,$0.00,0,$8.55,15.00%,$0.00,1,$0.00,$0.30 /lb,$0.00,$0.00,$0.00,$0.00,$0.00,0,$0.00,,0,"The listing has 6 variations,For better accuracy, we’ve used dimensions from  to provide more precise estimates,3 or less sellers","0.00, 0.00, 0.00 in, 0.00 lbs",0.00,0.00,0.00,0.00,N/A,Computer
"05/21/2025, 04:10 AM PDT","05/21/2025, 07:10 AM EDT","05/21/2025, 06:10 AM CDT","05/21/2025, 04:10 AM PDT",Bob Ross - Positive Energy Drink,503065118,611508175352,N/A,N/A,Boston America,Grocery,Energy Drinks,N/A,N/A,17535,https://i5.walmartimages.com/seo/Bob-Ross-Positive-Energy-Drink_012804c4-e144-430a-a35e-62256e714a77.c3f5dc36547a4b46acf50d639c6a050f.jpeg,,N/A,https://www.walmart.com/ip/503065118,1.57,https://www.amazon.com/dp/B07ND3TLZC,https://www.amazon.com/s?k=Bob%20Ross%20-%20Positive%20Energy%20Drink,https://www.ebay.com/sch/i.html?_nkw=Bob%20Ross%20-%20Positive%20Energy%20Drink,https://www.google.com/search?q=Bob%20Ross%20-%20Positive%20Energy%20Drink,https://seller.walmart.com/catalog/add-items?search=503065118,N/A,no,no,no,2,0,2,159,Vat19,mfn,$8.61,96,$8.55,$8.61,8.61,1.57,0.14,1.61 %,8.83 %,8.40,1.37,1,$8.55,N/A,$6.90,$4.95,0,$0.69,8.00%,$0.01,1,$1.25,$0.30 /lb,$0.25,$0.00,$0.00,$0.00,$0.00,0,$0.00,,0,"Pulling package information from B07ND3TLZC via amazon.com,3 or less sellers","6.30, 2.28, 2.17 in, 0.83 lbs",6.30,2.28,2.17,0.83,N/A,Computer
"05/21/2025, 04:16 AM PDT","05/21/2025, 07:16 AM EDT","05/21/2025, 06:16 AM CDT","05/21/2025, 04:16 AM PDT",Bob Ross Flavor Palette Paintbrush Dipping Fruity Candy,560822636,611508175550,N/A,N/A,Bob Ross,Grocery,Fruit Flavored Candy,N/A,N/A,17555,https://i5.walmartimages.com/seo/Bob-Ross-Flavor-Palette-Paintbrush-Dipping-Fruity-Candy_7e630462-155d-4935-8869-ec3926de06be.9bf6e99b44b9fdd9075d855eb895d0a9.jpeg,,N/A,https://www.walmart.com/ip/560822636,1.34,https://www.amazon.com/dp/B08G2MM6RP,https://www.amazon.com/s?k=Bob%20Ross%20Flavor%20Palette%20Paintbrush%20Dipping%20Fruity%20Candy,https://www.ebay.com/sch/i.html?_nkw=Bob%20Ross%20Flavor%20Palette%20Paintbrush%20Dipping%20Fruity%20Candy,https://www.google.com/search?q=Bob%20Ross%20Flavor%20Palette%20Paintbrush%20Dipping%20Fruity%20Candy,https://seller.walmart.com/catalog/add-items?search=560822636,N/A,yes,yes,no,1,0,1,50,Toynk Toys LLC,mfn,$6.99,50,$6.99,$6.99,6.99,1.34,0.62,8.91 %,46.49 %,6.25,1.57,1,$7.56,N/A,$5.03,$3.45,0,$0.56,8.00%,$0.00,1,$1.01,$0.30 /lb,$0.01,$0.00,$0.00,$0.00,$0.00,0,$0.00,5,1,3 or less sellers,"8.20, 0.20, 4.00 in, 0.05 lbs",8.20,0.20,4.00,0.05,N/A,Computer
"05/21/2025, 04:31 AM PDT","05/21/2025, 07:31 AM EDT","05/21/2025, 06:31 AM CDT","05/21/2025, 04:31 AM PDT","Bob Snail Fruit Stripe, Apple-Pear-Blueberry, 6 Stripes, 0.49 oz (14 g) Each",5396220889,628693669481,"Apple Pear Blueberry, Single",1,Bob Snail,Grocery,Fruit Leathers,N/A,N/A,N/A,https://i5.walmartimages.com/seo/Bob-Snail-Fruit-Stripe-Apple-Pear-Blueberry-6-Stripes-0-49-oz-14-g-Each_55d78bf6-427f-4265-9813-da12fe2f8f42.b4f3097aaa42721928b6e5e08a3ed8d2.jpeg,,N/A,https://www.walmart.com/ip/5396220889,2.39,https://www.amazon.com/dp/B0CPFWXXM4,https://www.amazon.com/s?k=Bob%20Snail%20Fruit%20Stripe%2C%20Apple-Pear-Blueberry%2C%206%20Stripes%2C%200.49%20oz%20(14%20g)%20Each,https://www.ebay.com/sch/i.html?_nkw=Bob%20Snail%20Fruit%20Stripe%2C%20Apple-Pear-Blueberry%2C%206%20Stripes%2C%200.49%20oz%20(14%20g)%20Each,https://www.google.com/search?q=Bob%20Snail%20Fruit%20Stripe%2C%20Apple-Pear-Blueberry%2C%206%20Stripes%2C%200.49%20oz%20(14%20g)%20Each,https://seller.walmart.com/catalog/add-items?search=5396220889,N/A,no,no,no,1,0,1,128,iHerb,mfn,$8.50,128,$8.50,$8.50,8.5,2.39,4.43,52.12 %,185.36 %,3.60,5.46,1,$8.50,N/A,$1.68,$0.00,0,$0.68,8.00%,$0.00,1,$1.00,$0.30 /lb,$0.00,$0.00,$0.00,$0.00,$0.00,0,$0.00,4.8,20,"For better accuracy, we’ve used dimensions from  to provide more precise estimates,3 or less sellers","0.00, 0.00, 0.00 in, 0.00 lbs",0.00,0.00,0.00,0.00,N/A,Computer
"05/21/2025, 04:35 AM PDT","05/21/2025, 07:35 AM EDT","05/21/2025, 06:35 AM CDT","05/21/2025, 04:35 AM PDT","Bob's Red Mill Brown Rice Flour, 24 oz",234854661,39978033154,N/A,N/A,Bob's Red Mill,Grocery,Flours,N/A,N/A,039978033154,https://i5.walmartimages.com/seo/Bob-s-Red-Mill-Brown-Rice-Flour-24-oz_bb241b9e-b7e3-4db2-bf71-07a4105fd1e4.aad2813f31a7e60ed6164ac8de6f42e2.jpeg,,N/A,https://www.walmart.com/ip/234854661,3.75,https://www.amazon.com/dp/B07VC9NC6C,https://www.amazon.com/s?k=Bob's%20Red%20Mill%20Brown%20Rice%20Flour%2C%2024%20oz,https://www.ebay.com/sch/i.html?_nkw=Bob's%20Red%20Mill%20Brown%20Rice%20Flour%2C%2024%20oz,https://www.google.com/search?q=Bob's%20Red%20Mill%20Brown%20Rice%20Flour%2C%2024%20oz,https://seller.walmart.com/catalog/add-items?search=234854661,N/A,no,no,no,10,5,5,634,Aricomp,wfs,$12.05,20,$10.35,$16.91,11,3.75,0.89,8.10 %,23.77 %,10.00,3.71,1,$9.38,500+ units sold this month on Amazon,$6.36,$4.95,0,$0.88,8.00%,$0.07,1,$0.46,$0.30 /lb,$0.46,$0.00,$0.00,$0.00,$0.00,0,$0.00,4.9,159,Pulling package information from B07VC9NC6C via amazon.com,"9.06, 6.61, 2.56 in, 1.54 lbs",9.06,6.61,2.56,1.54,N/A,Computer
"05/21/2025, 04:37 AM PDT","05/21/2025, 07:37 AM EDT","05/21/2025, 06:37 AM CDT","05/21/2025, 04:37 AM PDT","Bob's Red Mill Chickpea Flour, 16 oz",345534025,39978113320,N/A,N/A,Bob's Red Mill,Grocery,Flours,N/A,N/A,0039978113320,https://i5.walmartimages.com/seo/Bob-s-Red-Mill-Chickpea-Flour-16-oz_3fa515bc-b56d-4530-8289-36aeb0d285a6.ab3c4c2fef3f4762f43e4585999e9bbf.jpeg,,N/A,https://www.walmart.com/ip/345534025,2.71,https://www.amazon.com/dp/B00ISGHCN6,https://www.amazon.com/s?k=Bob's%20Red%20Mill%20Chickpea%20Flour%2C%2016%20oz,https://www.ebay.com/sch/i.html?_nkw=Bob's%20Red%20Mill%20Chickpea%20Flour%2C%2016%20oz,https://www.google.com/search?q=Bob's%20Red%20Mill%20Chickpea%20Flour%2C%2016%20oz,https://seller.walmart.com/catalog/add-items?search=345534025,N/A,no,no,no,7,5,2,293,Aricomp,wfs,$10.40,15,$8.96,$13.21,10.4,2.71,1.54,14.79 %,56.76 %,9.75,3.40,1,$7.00,1k+ units sold this month on Amazon,$6.15,$4.95,0,$0.83,8.00%,$0.06,1,$0.31,$0.30 /lb,$0.31,$0.00,$0.00,$0.00,$0.00,0,$0.00,4.9,208,Pulling package information from B00ISGHCN6 via amazon.com,"7.95, 6.85, 2.44 in, 1.04 lbs",7.95,6.85,2.44,1.04,N/A,Computer
"05/21/2025, 04:43 AM PDT","05/21/2025, 07:43 AM EDT","05/21/2025, 06:43 AM CDT","05/21/2025, 04:43 AM PDT","Bob's Red Mill Cornmeal, Coarse Grind, 24 oz",555931633,39978033062,N/A,N/A,Bob's Red Mill,Grocery,Flours,N/A,N/A,039978033062,https://i5.walmartimages.com/seo/Bob-s-Red-Mill-Cornmeal-Coarse-Grind-24-oz_0b9eb8cf-1b5c-4d4b-b134-5ba985225ecb.8100f38fbc6a7e79cfe1077f0cd2fcd3.jpeg,,N/A,https://www.walmart.com/ip/555931633,2.77,https://www.amazon.com/dp/B00U9W4R3K,https://www.amazon.com/s?k=Bob's%20Red%20Mill%20Cornmeal%2C%20Coarse%20Grind%2C%2024%20oz,https://www.ebay.com/sch/i.html?_nkw=Bob's%20Red%20Mill%20Cornmeal%2C%20Coarse%20Grind%2C%2024%20oz,https://www.google.com/search?q=Bob's%20Red%20Mill%20Cornmeal%2C%20Coarse%20Grind%2C%2024%20oz,https://seller.walmart.com/catalog/add-items?search=555931633,N/A,no,no,no,8,6,2,125,Deals Distribution 2024,wfs,$10.00,34,$9.49,$10.50,10,2.77,0.96,9.63 %,34.75 %,9.95,2.99,1,$8.32,200+ units sold this month on Amazon,$6.27,$4.95,0,$0.80,8.00%,$0.07,1,$0.45,$0.30 /lb,$0.45,$0.00,$0.00,$0.00,$0.00,0,$0.00,4.8,103,Pulling package information from B00U9W4R3K via amazon.com,"9.06, 6.69, 2.56 in, 1.50 lbs",9.06,6.69,2.56,1.50,N/A,Computer
"05/21/2025, 04:45 AM PDT","05/21/2025, 07:45 AM EDT","05/21/2025, 06:45 AM CDT","05/21/2025, 04:45 AM PDT","Bob's Red Mill, Yellow Corn Grits, 24 oz",474785268,39978111258,N/A,N/A,Bob's Red Mill,Grocery,Grits,N/A,N/A,BRM11125,https://i5.walmartimages.com/seo/Bob-s-Red-Mill-Yellow-Corn-Grits-24-oz_e2ce58a8-82ed-4fdd-a47b-43c2d40a9876_1.f459174740e222f495df6a62aeb6a4e8.jpeg,,N/A,https://www.walmart.com/ip/474785268,3.03,https://www.amazon.com/dp/B07XPG6SK7,https://www.amazon.com/s?k=Bob's%20Red%20Mill%2C%20Yellow%20Corn%20Grits%2C%2024%20oz,https://www.ebay.com/sch/i.html?_nkw=Bob's%20Red%20Mill%2C%20Yellow%20Corn%20Grits%2C%2024%20oz,https://www.google.com/search?q=Bob's%20Red%20Mill%2C%20Yellow%20Corn%20Grits%2C%2024%20oz,https://seller.walmart.com/catalog/add-items?search=474785268,N/A,no,yes,no,11,7,4,987,Fletho,wfs,$10.00,250,$8.98,$17.95,10,3.03,0.72,7.21 %,23.79 %,0.00,3.00,1,$3.99,N/A,$6.25,$4.95,0,$0.80,8.00%,$0.04,1,$0.46,$0.30 /lb,$0.46,$0.00,$0.00,$0.00,$0.00,0,$0.00,4.8,368,Pulling package information from B07XPG6SK7 via amazon.com,"7.87, 5.43, 2.32 in, 1.52 lbs",7.87,5.43,2.32,1.52,N/A,Computer
"05/21/2025, 05:08 AM PDT","05/21/2025, 08:08 AM EDT","05/21/2025, 07:08 AM CDT","05/21/2025, 05:08 AM PDT","Bob's Red Mill- Golden Couscous, 24 ounce",797785380,39978045843,N/A,N/A,Bob's Red Mill,Grocery,Pasta,N/A,N/A,BRM04584,https://i5.walmartimages.com/seo/Bob-s-Red-Mill-Golden-Couscous-24-ounce_ddae60cc-08f1-40bd-bf60-9106dd985846.075f768c910129bec301a815952e0827.png,,N/A,https://www.walmart.com/ip/797785380,4.74,https://www.amazon.com/dp/B07XGNHL6B,https://www.amazon.com/s?k=Bob's%20Red%20Mill-%20Golden%20Couscous%2C%2024%20ounce,https://www.ebay.com/sch/i.html?_nkw=Bob's%20Red%20Mill-%20Golden%20Couscous%2C%2024%20ounce,https://www.google.com/search?q=Bob's%20Red%20Mill-%20Golden%20Couscous%2C%2024%20ounce,https://seller.walmart.com/catalog/add-items?search=797785380,N/A,no,yes,no,3,1,2,99,Blue Market,wfs,$12.49,45,$11.80,$18.30,12.49,4.74,1.28,10.27 %,27.07 %,11.00,4.82,1,$6.81,N/A,$6.47,$4.95,0,$1.00,8.00%,$0.06,1,$0.46,$0.30 /lb,$0.46,$0.00,$0.00,$0.00,$0.00,0,$0.00,4.7,21,"Pulling package information from B07XGNHL6B via amazon.com,3 or less sellers","8.70, 6.57, 2.48 in, 1.52 lbs",8.70,6.57,2.48,1.52,N/A,Computer
"05/21/2025, 05:10 AM PDT","05/21/2025, 08:10 AM EDT","05/21/2025, 07:10 AM CDT","05/21/2025, 05:10 AM PDT",Bob's Red Mill Premium Golden Flaxseed Meal 16 oz Pkg,519384026,39978032324,N/A,N/A,Bob's Red Mill,Grocery,Edible Seeds,N/A,N/A,N/A,https://i5.walmartimages.com/seo/Bob-s-Red-Mill-Premium-Golden-Flaxseed-Meal-16-oz-Pkg_46348e26-4da6-4db1-b886-addbb83010ec.874f2a24567f61baaf4c04e0bca556b4.jpeg,,N/A,https://www.walmart.com/ip/519384026,5.69,https://www.amazon.com/dp/B07693P1RY,https://www.amazon.com/s?k=Bob's%20Red%20Mill%20Premium%20Golden%20Flaxseed%20Meal%2016%20oz%20Pkg,https://www.ebay.com/sch/i.html?_nkw=Bob's%20Red%20Mill%20Premium%20Golden%20Flaxseed%20Meal%2016%20oz%20Pkg,https://www.google.com/search?q=Bob's%20Red%20Mill%20Premium%20Golden%20Flaxseed%20Meal%2016%20oz%20Pkg,https://seller.walmart.com/catalog/add-items?search=519384026,N/A,no,no,no,1,0,1,12,Valyou General,mfn,$16.74,12,$16.74,$16.74,16.74,5.69,3.19,19.08 %,56.13 %,11.90,7.11,1,$32.23,N/A,$7.86,$4.95,0,$2.51,15.00%,$0.08,1,$0.31,$0.30 /lb,$0.31,$0.00,$0.00,$0.00,$0.00,0,$0.00,4.9,90,"For better accuracy, we’ve used dimensions from B00PO9IOV4 to provide more precise estimates,3 or less sellers","9.02, 6.85, 3.11 in, 1.04 lbs",9.02,6.85,3.11,1.04,N/A,Computer
"05/21/2025, 05:12 AM PDT","05/21/2025, 08:12 AM EDT","05/21/2025, 07:12 AM CDT","05/21/2025, 05:12 AM PDT",Bob's Red Mill Medium Grind Cornmeal 24 oz Pkg,858740551,39978053046,N/A,N/A,Bob's Red Mill,Grocery,Flours,N/A,N/A,1148S24,https://i5.walmartimages.com/seo/Bob-s-Red-Mill-Medium-Grind-Cornmeal-24-oz-Pkg_72c34171-106a-42cc-8148-c87a9c296b6b.a5f59bec8d7217ded5bdee8fad457797.jpeg,,N/A,https://www.walmart.com/ip/858740551,2.82,https://www.amazon.com/dp/B0842TT35H,https://www.amazon.com/s?k=Bob's%20Red%20Mill%20Medium%20Grind%20Cornmeal%2024%20oz%20Pkg,https://www.ebay.com/sch/i.html?_nkw=Bob's%20Red%20Mill%20Medium%20Grind%20Cornmeal%2024%20oz%20Pkg,https://www.google.com/search?q=Bob's%20Red%20Mill%20Medium%20Grind%20Cornmeal%2024%20oz%20Pkg,https://seller.walmart.com/catalog/add-items?search=858740551,"Reviewers highlighted: taste, texture, quality",no,no,no,6,5,1,200,OTCRx4U,wfs,$9.41,55,$9.24,$11.99,10,2.82,0.89,8.93 %,31.67 %,0.00,2.97,1,$8.10,100+ units sold this month on Amazon,$6.29,$4.95,0,$0.80,8.00%,$0.08,1,$0.46,$0.30 /lb,$0.46,$0.00,$0.00,$0.00,$0.00,0,$0.00,4.7,121,Pulling package information from B0842TT35H via amazon.com,"8.98, 6.77, 3.07 in, 1.52 lbs",8.98,6.77,3.07,1.52,N/A,Computer
"05/23/2025, 04:44 AM PDT","05/23/2025, 07:44 AM EDT","05/23/2025, 06:44 AM CDT","05/23/2025, 04:44 AM PDT","Bob’S Red Mill, 1.8 Oz",272810496,39978008046,N/A,N/A,Bob's Red Mill,Grocery,Oatmeal,N/A,N/A,BRM00804,https://i5.walmartimages.com/seo/Bob-S-Red-Mill-1-8-Oz_31be4749-aa72-43fc-b8f3-e77ee0c52673_1.282f43013b69e63096e813a206e5d94a.jpeg,,N/A,https://www.walmart.com/ip/272810496,2.25,https://www.amazon.com/dp/B08MDHD1HT,https://www.amazon.com/s?k=Bob%E2%80%99S%20Red%20Mill%2C%201.8%20Oz,https://www.ebay.com/sch/i.html?_nkw=Bob%E2%80%99S%20Red%20Mill%2C%201.8%20Oz,https://www.google.com/search?q=Bob%E2%80%99S%20Red%20Mill%2C%201.8%20Oz,https://seller.walmart.com/catalog/add-items?search=272810496,N/A,no,no,no,2,0,2,309,VitaminLife,mfn,$7.48,18,$7.48,$8.06,7.48,2.25,0.11,1.49 %,4.95 %,7.30,1.89,1,$6.00,800+ units sold this month on Amazon,$5.12,$3.45,0,$0.60,8.00%,$0.03,1,$1.04,$0.30 /lb,$0.04,$0.00,$0.00,$0.00,$0.00,0,$0.00,4.7,98,"Pulling package information from B08MDHD1HT via amazon.com,3 or less sellers","3.94, 3.86, 3.82 in, 0.15 lbs",3.94,3.86,3.82,0.15,N/A,Computer
"05/23/2025, 04:54 AM PDT","05/23/2025, 07:54 AM EDT","05/23/2025, 06:54 AM CDT","05/23/2025, 04:54 AM PDT","Bob's Red Mill Organic Whole Grain Buckwheat, 16 oz",211172699,39978025807,N/A,N/A,Bob's Red Mill,Grocery,Grains,N/A,N/A,BRM02580,https://i5.walmartimages.com/seo/Bob-s-Red-Mill-Organic-Whole-Grain-Buckwheat-16-oz_bb1d9256-5a94-4229-b5e2-3e06c0eb63a0.a85777b77e5a2f470732c3ff408e715c.jpeg,,N/A,https://www.walmart.com/ip/211172699,4.7,https://www.amazon.com/dp/B07XTNX6DT,https://www.amazon.com/s?k=Bob's%20Red%20Mill%20Organic%20Whole%20Grain%20Buckwheat%2C%2016%20oz,https://www.ebay.com/sch/i.html?_nkw=Bob's%20Red%20Mill%20Organic%20Whole%20Grain%20Buckwheat%2C%2016%20oz,https://www.google.com/search?q=Bob's%20Red%20Mill%20Organic%20Whole%20Grain%20Buckwheat%2C%2016%20oz,https://seller.walmart.com/catalog/add-items?search=211172699,N/A,no,no,yes,7,4,2,10386,Walmart.com,wmt,$11.72,31,$11.72,$13.38,11.72,4.7,0.78,6.63 %,16.52 %,10.80,4.38,1,$11.75,500+ units sold this month on Amazon,$6.24,$4.95,0,$0.94,8.00%,$0.04,1,$0.31,$0.30 /lb,$0.31,$0.00,$0.00,$0.00,$0.00,0,$0.00,4.9,143,"Walmart.com is on the listing,Pulling package information from B07XTNX6DT via amazon.com","7.64, 5.71, 2.32 in, 1.04 lbs",7.64,5.71,2.32,1.04,N/A,Computer
"05/23/2025, 04:56 AM PDT","05/23/2025, 07:56 AM EDT","05/23/2025, 06:56 AM CDT","05/23/2025, 04:56 AM PDT",Bob's Red Mill Organic Medium Grind Cornmeal 24 oz Pkg,828603822,39978039187,N/A,N/A,Bob's Red Mill,Grocery,Flours,N/A,N/A,2486579,https://i5.walmartimages.com/seo/Bob-s-Red-Mill-Organic-Medium-Grind-Cornmeal-24-oz-Pkg_107361e8-fc38-4b6d-a59f-8d23f879c16e.55707b5ab05bc42a74c5f59c27255d1f.jpeg,,N/A,https://www.walmart.com/ip/828603822,3.65,https://www.amazon.com/dp/B07YGLNQN5,https://www.amazon.com/s?k=Bob's%20Red%20Mill%20Organic%20Medium%20Grind%20Cornmeal%2024%20oz%20Pkg,https://www.ebay.com/sch/i.html?_nkw=Bob's%20Red%20Mill%20Organic%20Medium%20Grind%20Cornmeal%2024%20oz%20Pkg,https://www.google.com/search?q=Bob's%20Red%20Mill%20Organic%20Medium%20Grind%20Cornmeal%2024%20oz%20Pkg,https://seller.walmart.com/catalog/add-items?search=828603822,N/A,no,no,no,12,9,3,782,VL Store,wfs,$10.00,97,$9.94,$22.94,11,3.65,1.01,9.19 %,27.70 %,10.00,3.73,1,$9.30,1k+ units sold this month on Amazon,$6.34,$4.95,0,$0.88,8.00%,$0.06,1,$0.45,$0.30 /lb,$0.45,$0.00,$0.00,$0.00,$0.00,0,$0.00,4.7,138,Pulling package information from B07YGLNQN5 via amazon.com,"8.94, 5.71, 2.52 in, 1.51 lbs",8.94,5.71,2.52,1.51,N/A,Computer
"05/23/2025, 04:58 AM PDT","05/23/2025, 07:58 AM EDT","05/23/2025, 06:58 AM CDT","05/23/2025, 04:58 AM PDT",Bob's Red Mill Organic Amaranth Grain 24 oz,920986946,39978029102,N/A,N/A,Bob's Red Mill,Grocery,Grains,N/A,N/A,N/A,https://i5.walmartimages.com/seo/Bob-s-Red-Mill-Organic-Amaranth-Whole-Grain-1-lb-8-oz-680-g_46b452ef-3330-4ea5-9767-fd50cc0a9d48.4bf5696b815f7c6b22e565d871b30223.jpeg,,N/A,https://www.walmart.com/ip/920986946,7.59,https://www.amazon.com/dp/B07XVQV6SN,https://www.amazon.com/s?k=Bob's%20Red%20Mill%20Organic%20Amaranth%20Grain%2024%20oz,https://www.ebay.com/sch/i.html?_nkw=Bob's%20Red%20Mill%20Organic%20Amaranth%20Grain%2024%20oz,https://www.google.com/search?q=Bob's%20Red%20Mill%20Organic%20Amaranth%20Grain%2024%20oz,https://seller.walmart.com/catalog/add-items?search=920986946,N/A,no,no,yes,7,3,3,587,Hollywood Traders,wfs,$14.95,47,$14.00,$38.36,14.95,7.59,0.71,4.72 %,9.29 %,14.10,6.64,1,OOS,N/A,$6.65,$4.95,0,$1.20,8.00%,$0.06,1,$0.45,$0.30 /lb,$0.45,$0.00,$0.00,$0.00,$0.00,0,$0.00,4.7,382,"Pulling package information from B07XVQV6SN via amazon.com,Walmart.com is on the listing","9.09, 6.65, 2.13 in, 1.51 lbs",9.09,6.65,2.13,1.51,N/A,Computer
"05/23/2025, 05:00 AM PDT","05/23/2025, 08:00 AM EDT","05/23/2025, 07:00 AM CDT","05/23/2025, 05:00 AM PDT","Bob's Red Mill, Organic Brown Rice Flour, 24 oz",863827010,39978029744,N/A,N/A,Bob's Red Mill,Grocery,Flours,N/A,N/A,2486587,https://i5.walmartimages.com/seo/Bob-s-Red-Mill-Organic-Brown-Rice-Flour-24-oz_43487dd0-c60d-4b20-8a63-26e29f458107.ae2a748ef8a0a551b1ff3469780e34d7.png,,N/A,https://www.walmart.com/ip/863827010,5.59,https://www.amazon.com/dp/B001HTI6QS,https://www.amazon.com/s?k=Bob's%20Red%20Mill%2C%20Organic%20Brown%20Rice%20Flour%2C%2024%20oz,https://www.ebay.com/sch/i.html?_nkw=Bob's%20Red%20Mill%2C%20Organic%20Brown%20Rice%20Flour%2C%2024%20oz,https://www.google.com/search?q=Bob's%20Red%20Mill%2C%20Organic%20Brown%20Rice%20Flour%2C%2024%20oz,https://seller.walmart.com/catalog/add-items?search=863827010,N/A,no,yes,no,9,7,2,334,Deals Distribution 2024,wfs,$12.00,19,$12.00,$18.74,14,5.59,1.83,13.10 %,32.81 %,11.90,5.94,1,$9.99,N/A,$6.58,$4.95,0,$1.12,8.00%,$0.04,1,$0.46,$0.30 /lb,$0.46,$0.00,$0.00,$0.00,$0.00,0,$0.00,4.9,67,Pulling package information from B001HTI6QS via amazon.com,"7.87, 4.65, 2.76 in, 1.54 lbs",7.87,4.65,2.76,1.54,N/A,Computer
"05/23/2025, 05:02 AM PDT","05/23/2025, 08:02 AM EDT","05/23/2025, 07:02 AM CDT","05/23/2025, 05:02 AM PDT",Bob's Red Mill Organic Farro Grain 24 oz,762388784,39978118608,N/A,N/A,Bob's Red Mill,Grocery,Grains,N/A,N/A,BRM11860,https://i5.walmartimages.com/seo/Bob-s-Red-Mill-Organic-Farro-24-oz-Pkg_8b5208a3-7fc7-427e-8432-6d04bd31524f.c9b300eea0406ade9cac1c2217d6e2e4.jpeg,,N/A,https://www.walmart.com/ip/762388784,5.35,https://www.amazon.com/dp/B07XLQ13WY,https://www.amazon.com/s?k=Bob's%20Red%20Mill%20Organic%20Farro%20Grain%2024%20oz,https://www.ebay.com/sch/i.html?_nkw=Bob's%20Red%20Mill%20Organic%20Farro%20Grain%2024%20oz,https://www.google.com/search?q=Bob's%20Red%20Mill%20Organic%20Farro%20Grain%2024%20oz,https://seller.walmart.com/catalog/add-items?search=762388784,N/A,no,no,yes,8,3,4,660,VL Store,wfs,$12.89,52,$12.54,$16.99,14.99,5.35,2.98,19.87 %,55.67 %,11.65,6.66,1,$12.76,1k+ units sold this month on Amazon,$6.66,$4.95,0,$1.20,8.00%,$0.06,1,$0.46,$0.30 /lb,$0.46,$0.00,$0.00,$0.00,$0.00,0,$0.00,4.8,560,"Pulling package information from B07XLQ13WY via amazon.com,Walmart.com is on the listing","8.86, 6.69, 2.20 in, 1.52 lbs",8.86,6.69,2.20,1.52,N/A,Computer
"05/23/2025, 05:08 AM PDT","05/23/2025, 08:08 AM EDT","05/23/2025, 07:08 AM CDT","05/23/2025, 05:08 AM PDT","Bob's Red Mill Organic Spelt Flour, 20 oz",535107205,39978118943,N/A,N/A,Bob's Red Mill,Grocery,Flours,N/A,N/A,BRM11894,https://i5.walmartimages.com/seo/Bob-s-Red-Mill-Organic-Spelt-Flour-20-oz_3ef16e8f-089e-4e29-9d2f-133be7810faa.76253e3a05eee11891398110c8e7d985.jpeg,,N/A,https://www.walmart.com/ip/535107205,3.81,https://www.amazon.com/dp/B07XPF2ZSR,https://www.amazon.com/s?k=Bob's%20Red%20Mill%20Organic%20Spelt%20Flour%2C%2020%20oz,https://www.ebay.com/sch/i.html?_nkw=Bob's%20Red%20Mill%20Organic%20Spelt%20Flour%2C%2020%20oz,https://www.google.com/search?q=Bob's%20Red%20Mill%20Organic%20Spelt%20Flour%2C%2020%20oz,https://seller.walmart.com/catalog/add-items?search=535107205,Popular pick,no,no,no,5,0,5,258,iHerb,mfn,$10.96,202,$10.96,$18.75,10.96,3.81,0.89,8.13 %,23.38 %,10.00,3.76,1,$9.71,300+ units sold this month on Amazon,$6.26,$4.95,0,$0.88,8.00%,$0.05,1,$0.38,$0.30 /lb,$0.38,$0.00,$0.00,$0.00,$0.00,0,$0.00,4.8,502,Pulling package information from B07XPF2ZSR via amazon.com,"8.78, 6.81, 2.09 in, 1.26 lbs",8.78,6.81,2.09,1.26,N/A,Computer
"05/23/2025, 05:12 AM PDT","05/23/2025, 08:12 AM EDT","05/23/2025, 07:12 AM CDT","05/23/2025, 05:12 AM PDT","Bob's Red Mill Organic Buckwheat Flour, 22 oz",201817512,39978113023,N/A,N/A,Bob's Red Mill,Grocery,Flours,N/A,N/A,1090S22,https://i5.walmartimages.com/seo/Bob-s-Red-Mill-Organic-Buckwheat-Flour-22-oz_e893d500-7423-41ae-8a85-34be01ce502c.4cd5b53827b610f3155edb52a361ca09.png,,N/A,https://www.walmart.com/ip/201817512,4.41,https://www.amazon.com/dp/B07XB35PWL,https://www.amazon.com/s?k=Bob's%20Red%20Mill%20Organic%20Buckwheat%20Flour%2C%2022%20oz,https://www.ebay.com/sch/i.html?_nkw=Bob's%20Red%20Mill%20Organic%20Buckwheat%20Flour%2C%2022%20oz,https://www.google.com/search?q=Bob's%20Red%20Mill%20Organic%20Buckwheat%20Flour%2C%2022%20oz,https://seller.walmart.com/catalog/add-items?search=201817512,N/A,no,no,no,9,5,4,10446,Aricomp,wfs,$12.27,19,$10.99,$19.01,11.99,4.41,1.2,10.00 %,27.18 %,10.60,4.49,1,$9.99,300+ units sold this month on Amazon,$6.38,$4.95,0,$0.96,8.00%,$0.06,1,$0.42,$0.30 /lb,$0.42,$0.00,$0.00,$0.00,$0.00,0,$0.00,4.8,183,Pulling package information from B07XB35PWL via amazon.com,"8.86, 6.54, 2.20 in, 1.39 lbs",8.86,6.54,2.20,1.39,N/A,Computer
"05/23/2025, 05:18 AM PDT","05/23/2025, 08:18 AM EDT","05/23/2025, 07:18 AM CDT","05/23/2025, 05:18 AM PDT",Bob's Red Mill Whole Grain Red Bulgur 24 oz Pkg,901504121,39978111241,Single,2,Bob's Red Mill,Grocery,Grains,N/A,N/A,BRM11124,https://i5.walmartimages.com/seo/Bob-s-Red-Mill-Whole-Grain-Red-Bulgur-24-oz-Pkg_92f423ae-48a0-4112-8ab6-361f86916c0f.9c24ef1085d35ef830892683da72eb65.jpeg,,N/A,https://www.walmart.com/ip/901504121,3.29,https://www.amazon.com/dp/B07XSHQ21Z,https://www.amazon.com/s?k=Bob's%20Red%20Mill%20Whole%20Grain%20Red%20Bulgur%2024%20oz%20Pkg,https://www.ebay.com/sch/i.html?_nkw=Bob's%20Red%20Mill%20Whole%20Grain%20Red%20Bulgur%2024%20oz%20Pkg,https://www.google.com/search?q=Bob's%20Red%20Mill%20Whole%20Grain%20Red%20Bulgur%2024%20oz%20Pkg,https://seller.walmart.com/catalog/add-items?search=901504121,N/A,no,no,yes,11,7,3,796,Aricomp,wfs,$10.16,57,$9.77,$19.94,10.16,3.29,0.61,5.96 %,18.40 %,0.00,3.12,1,$8.90,400+ units sold this month on Amazon,$6.26,$4.95,0,$0.81,8.00%,$0.05,1,$0.46,$0.30 /lb,$0.46,$0.00,$0.00,$0.00,$0.00,0,$0.00,4.9,130,"The listing has 2 variations,Pulling package information from B07XSHQ21Z via amazon.com,Walmart.com is on the listing","9.06, 6.42, 1.81 in, 1.52 lbs",9.06,6.42,1.81,1.52,N/A,Computer
"05/23/2025, 05:24 AM PDT","05/23/2025, 08:24 AM EDT","05/23/2025, 07:24 AM CDT","05/23/2025, 05:24 AM PDT","Bob's Red Mill Semolina Flour, 24 oz",464723057,39978113184,N/A,N/A,Bob's Red Mill,Grocery,Flours,N/A,N/A,1495S24,https://i5.walmartimages.com/seo/Bob-s-Red-Mill-Semolina-Flour-24-oz_1a6260fc-6139-47a1-b14e-4a50a9341b22.46eff592249225cc040458aa15357473.jpeg,,N/A,https://www.walmart.com/ip/464723057,3.36,https://www.amazon.com/dp/B082PBRJTY,https://www.amazon.com/s?k=Bob's%20Red%20Mill%20Semolina%20Flour%2C%2024%20oz,https://www.ebay.com/sch/i.html?_nkw=Bob's%20Red%20Mill%20Semolina%20Flour%2C%2024%20oz,https://www.google.com/search?q=Bob's%20Red%20Mill%20Semolina%20Flour%2C%2024%20oz,https://seller.walmart.com/catalog/add-items?search=464723057,N/A,no,no,no,6,1,5,1304,Hollywood Traders,wfs,$10.65,15,$9.67,$14.84,10,3.36,0.37,3.74 %,11.12 %,0.00,2.99,1,$5.29,700+ units sold this month on Amazon,$6.27,$4.95,0,$0.80,8.00%,$0.06,1,$0.46,$0.30 /lb,$0.46,$0.00,$0.00,$0.00,$0.00,0,$0.00,4.8,345,Pulling package information from B082PBRJTY via amazon.com,"8.90, 6.61, 2.36 in, 1.52 lbs",8.90,6.61,2.36,1.52,N/A,Computer
"05/23/2025, 05:26 AM PDT","05/23/2025, 08:26 AM EDT","05/23/2025, 07:26 AM CDT","05/23/2025, 05:26 AM PDT",Bob's Red Mill Stone Ground Sorghum Flour 22 oz Pkg,592761621,39978116420,N/A,N/A,Bob's Red Mill,Grocery,Flours,N/A,N/A,2530S22,https://i5.walmartimages.com/seo/Bob-s-Red-Mill-Stone-Ground-Sorghum-Flour-22-oz-Pkg_0ae7251a-0358-4ae9-8353-4c4311bcf711.eb70423b475cf20a488050899419076a.png,,N/A,https://www.walmart.com/ip/592761621,3.92,https://www.amazon.com/dp/B07X2ZRHKS,https://www.amazon.com/s?k=Bob's%20Red%20Mill%20Stone%20Ground%20Sorghum%20Flour%2022%20oz%20Pkg,https://www.ebay.com/sch/i.html?_nkw=Bob's%20Red%20Mill%20Stone%20Ground%20Sorghum%20Flour%2022%20oz%20Pkg,https://www.google.com/search?q=Bob's%20Red%20Mill%20Stone%20Ground%20Sorghum%20Flour%2022%20oz%20Pkg,https://seller.walmart.com/catalog/add-items?search=592761621,N/A,no,no,no,9,2,7,353,MIDE Distributors,wfs,$11.70,26,$9.70,$17.11,11.7,3.92,1.42,12.15 %,36.26 %,10.05,4.27,1,$9.50,300+ units sold this month on Amazon,$6.36,$4.95,0,$0.94,8.00%,$0.06,1,$0.42,$0.30 /lb,$0.42,$0.00,$0.00,$0.00,$0.00,0,$0.00,4.9,119,Pulling package information from B07X2ZRHKS via amazon.com,"8.82, 6.69, 2.17 in, 1.39 lbs",8.82,6.69,2.17,1.39,N/A,Computer
"05/23/2025, 05:29 AM PDT","05/23/2025, 08:29 AM EDT","05/23/2025, 07:29 AM CDT","05/23/2025, 05:29 AM PDT","Bob's Red Mill Flour, Spelt, Whole Grain, 22 oz",224853714,39978116505,N/A,N/A,Bob's Red Mill,Grocery,Flours,N/A,N/A,BRM11650,https://i5.walmartimages.com/seo/Bob-s-Red-Mill-Flour-Spelt-Whole-Grain-22-oz_54959f74-67b8-40d2-9a60-d198c22684f7.0a1eefec65f9a70bfdc61dd10b35dd33.jpeg,,N/A,https://www.walmart.com/ip/224853714,3.74,https://www.amazon.com/dp/B07YGPLZ56,https://www.amazon.com/s?k=Bob's%20Red%20Mill%20Flour%2C%20Spelt%2C%20Whole%20Grain%2C%2022%20oz,https://www.ebay.com/sch/i.html?_nkw=Bob's%20Red%20Mill%20Flour%2C%20Spelt%2C%20Whole%20Grain%2C%2022%20oz,https://www.google.com/search?q=Bob's%20Red%20Mill%20Flour%2C%20Spelt%2C%20Whole%20Grain%2C%2022%20oz,https://seller.walmart.com/catalog/add-items?search=224853714,N/A,no,no,no,5,4,1,285,Aricomp,wfs,$11.50,18,$10.54,$11.99,11,3.74,0.94,8.57 %,25.20 %,10.00,3.75,1,$9.67,400+ units sold this month on Amazon,$6.32,$4.95,0,$0.88,8.00%,$0.07,1,$0.42,$0.30 /lb,$0.42,$0.00,$0.00,$0.00,$0.00,0,$0.00,4.8,89,Pulling package information from B07YGPLZ56 via amazon.com,"8.54, 6.73, 2.83 in, 1.39 lbs",8.54,6.73,2.83,1.39,N/A,Computer
"05/23/2025, 05:31 AM PDT","05/23/2025, 08:31 AM EDT","05/23/2025, 07:31 AM CDT","05/23/2025, 05:31 AM PDT","Bob's Red Mill Teff Flour, 20 oz",567986437,39978115393,N/A,N/A,Bob's Red Mill,Grocery,Flours,N/A,N/A,1534S20,https://i5.walmartimages.com/seo/Bob-s-Red-Mill-Teff-Flour-20-oz_0f468987-7ffa-40ef-b81e-ffcb59f22ab8.cb689efdbd5d3a033f17ce690747fa9f.png,,N/A,https://www.walmart.com/ip/567986437,5.55,https://www.amazon.com/dp/B07XKDR6HN,https://www.amazon.com/s?k=Bob's%20Red%20Mill%20Teff%20Flour%2C%2020%20oz,https://www.ebay.com/sch/i.html?_nkw=Bob's%20Red%20Mill%20Teff%20Flour%2C%2020%20oz,https://www.google.com/search?q=Bob's%20Red%20Mill%20Teff%20Flour%2C%2020%20oz,https://seller.walmart.com/catalog/add-items?search=567986437,N/A,no,no,no,7,5,2,244,KoFe,wfs,$12.93,11,$12.93,$15.61,12.93,5.55,0.97,7.48 %,17.42 %,11.80,5.21,1,$12.79,600+ units sold this month on Amazon,$6.41,$4.95,0,$1.03,8.00%,$0.04,1,$0.38,$0.30 /lb,$0.38,$0.00,$0.00,$0.00,$0.00,0,$0.00,4.8,103,Pulling package information from B07XKDR6HN via amazon.com,"8.46, 5.94, 2.05 in, 1.28 lbs",8.46,5.94,2.05,1.28,N/A,Computer
"05/23/2025, 05:32 AM PDT","05/23/2025, 08:32 AM EDT","05/23/2025, 07:32 AM CDT","05/23/2025, 05:32 AM PDT",Bob's Red Mill Tvp Textured Vegetable Protein 13 g protein 12 oz Pkg,451052373,39978035424,N/A,N/A,Bob's Red Mill,Gourmet Food,Canned & Packaged Meat Substitutes,N/A,N/A,039978035424,https://i5.walmartimages.com/seo/Bob-s-Red-Mill-Tvp-Textured-Vegetable-Protein-13-g-protein-12-oz-Pkg_c5c4aa6b-a587-47cb-bb6f-ca28d2151025.0461e3749676af56b952fe3bc487fb9d.jpeg,,N/A,https://www.walmart.com/ip/451052373,3.44,https://www.amazon.com/dp/B07XVR8YFM,https://www.amazon.com/s?k=Bob's%20Red%20Mill%20Tvp%20Textured%20Vegetable%20Protein%2013%20g%20protein%2012%20oz%20Pkg,https://www.ebay.com/sch/i.html?_nkw=Bob's%20Red%20Mill%20Tvp%20Textured%20Vegetable%20Protein%2013%20g%20protein%2012%20oz%20Pkg,https://www.google.com/search?q=Bob's%20Red%20Mill%20Tvp%20Textured%20Vegetable%20Protein%2013%20g%20protein%2012%20oz%20Pkg,https://seller.walmart.com/catalog/add-items?search=451052373,Best seller,no,no,no,11,8,3,651,Aricomp,wfs,$10.75,10,$10.13,$16.59,10.75,3.44,0.45,4.18 %,13.07 %,10.15,3.11,1,$5.15,700+ units sold this month on Amazon,$6.86,$4.95,0,$1.61,15.00%,$0.07,1,$0.23,$0.30 /lb,$0.23,$0.00,$0.00,$0.00,$0.00,0,$0.00,4.8,197,Pulling package information from B07XVR8YFM via amazon.com,"8.43, 5.79, 3.15 in, 0.77 lbs",8.43,5.79,3.15,0.77,N/A,Computer
"05/27/2025, 04:15 AM PDT","05/27/2025, 07:15 AM EDT","05/27/2025, 06:15 AM CDT","05/27/2025, 04:15 AM PDT","Bob's Red Mill Traditional Pearl Couscous, 16 oz",839713460,39978034960,N/A,N/A,Bob's Red Mill,Grocery,Pasta,N/A,N/A,039978034960,https://i5.walmartimages.com/seo/Bob-s-Red-Mill-Traditional-Pearl-Couscous-16-oz_82c7a840-5077-40c5-92f4-89c76cba361b.dea9162e809be35a2fe9e4320f77b95a.jpeg,,N/A,https://www.walmart.com/ip/839713460,3.52,https://www.amazon.com/dp/B07X5DY4KG,https://www.amazon.com/s?k=Bob's%20Red%20Mill%20Traditional%20Pearl%20Couscous%2C%2016%20oz,https://www.ebay.com/sch/i.html?_nkw=Bob's%20Red%20Mill%20Traditional%20Pearl%20Couscous%2C%2016%20oz,https://www.google.com/search?q=Bob's%20Red%20Mill%20Traditional%20Pearl%20Couscous%2C%2016%20oz,https://seller.walmart.com/catalog/add-items?search=839713460,N/A,no,no,no,4,1,3,113,Blue Market,wfs,$12.12,12,$10.14,$16.70,12.12,3.52,2.3,18.95 %,65.24 %,0.00,4.65,1,$9.48,100+ units sold this month on Amazon,$6.30,$4.95,0,$0.97,8.00%,$0.07,1,$0.32,$0.30 /lb,$0.32,$0.00,$0.00,$0.00,$0.00,0,$0.00,4.8,179,Pulling package information from B07X5DY4KG via amazon.com,"8.74, 6.69, 2.60 in, 1.06 lbs",8.74,6.69,2.60,1.06,N/A,Computer
"05/27/2025, 04:20 AM PDT","05/27/2025, 07:20 AM EDT","05/27/2025, 06:20 AM CDT","05/27/2025, 04:20 AM PDT","Bob's Red Mill - Couscous Pearl Tri Color, 16 Oz, Pack Of 4",573857934,39978044983,N/A,N/A,Bob's Red Mill,Grocery,Pasta,N/A,N/A,BRM04498,https://i5.walmartimages.com/seo/Bob-s-Red-Mill-Couscous-Pearl-Tri-Color-16-Oz-Pack-Of-4_d9f57164-9555-499b-8ea4-e384e1eae182.2acfbf78896895d83c7b5ba322b4e5f8.jpeg,,N/A,https://www.walmart.com/ip/573857934,14.08,https://www.amazon.com/dp/B07XMFVYVV,https://www.amazon.com/s?k=Bob's%20Red%20Mill%20-%20Couscous%20Pearl%20Tri%20Color%2C%2016%20Oz%2C%20Pack%20Of%204,https://www.ebay.com/sch/i.html?_nkw=Bob's%20Red%20Mill%20-%20Couscous%20Pearl%20Tri%20Color%2C%2016%20Oz%2C%20Pack%20Of%204,https://www.google.com/search?q=Bob's%20Red%20Mill%20-%20Couscous%20Pearl%20Tri%20Color%2C%2016%20Oz%2C%20Pack%20Of%204,https://seller.walmart.com/catalog/add-items?search=573857934,N/A,yes,no,no,3,0,3,20,Fenvy,mfn,$33.77,5,$33.77,$34.48,33.77,14.08,9.32,27.61 %,66.21 %,22.70,18.72,1,$8.99,2k+ units sold this month on Amazon,$10.37,$4.95,0,$5.07,15.00%,$0.05,1,$0.30,$0.30 /lb,$0.30,$0.00,$0.00,$0.00,$0.00,0,$0.00,4.7,43,"Pulling package information from B07XMFVYVV via amazon.com,3 or less sellers","9.02, 6.65, 1.89 in, 1.01 lbs",9.02,6.65,1.89,1.01,N/A,Computer
"05/27/2025, 04:24 AM PDT","05/27/2025, 07:24 AM EDT","05/27/2025, 06:24 AM CDT","05/27/2025, 04:24 AM PDT","Bob's Red Mill Vital Wheat Gluten Flour, 20 oz",598909418,39978113221,N/A,N/A,Bob's Red Mill,Grocery,Flours,N/A,N/A,039978113221,https://i5.walmartimages.com/seo/Bob-s-Red-Mill-Vital-Wheat-Gluten-Flour-20-oz_349b685d-73b3-4f3f-8b7b-d1bb41430b3b.84152eb47a089c360c4b6d91d4e48862.png,,N/A,https://www.walmart.com/ip/598909418,6.48,https://www.amazon.com/dp/B083KBZ5DW,https://www.amazon.com/s?k=Bob's%20Red%20Mill%20Vital%20Wheat%20Gluten%20Flour%2C%2020%20oz,https://www.ebay.com/sch/i.html?_nkw=Bob's%20Red%20Mill%20Vital%20Wheat%20Gluten%20Flour%2C%2020%20oz,https://www.google.com/search?q=Bob's%20Red%20Mill%20Vital%20Wheat%20Gluten%20Flour%2C%2020%20oz,https://seller.walmart.com/catalog/add-items?search=598909418,"Reviewers highlighted: quality, seitan, protein",no,no,no,8,5,3,10570,Daphns Wall,wfs,$13.98,154,$13.98,$21.62,14,6.48,1.01,7.21 %,15.57 %,12.80,5.99,1,$8.97,2k+ units sold this month on Amazon,$6.51,$4.95,0,$1.12,8.00%,$0.06,1,$0.38,$0.30 /lb,$0.38,$0.00,$0.00,$0.00,$0.00,0,$0.00,4.9,251,Pulling package information from B083KBZ5DW via amazon.com,"8.78, 6.89, 2.17 in, 1.28 lbs",8.78,6.89,2.17,1.28,N/A,Computer
"05/27/2025, 04:30 AM PDT","05/27/2025, 07:30 AM EDT","05/27/2025, 06:30 AM CDT","05/27/2025, 04:30 AM PDT","Bob's Red Mill, Gluten Free White Rice Flour, 24 oz",175700636,39978023162,N/A,N/A,Bob's Red Mill,Grocery,Flours,N/A,N/A,039978023162,https://i5.walmartimages.com/seo/Bob-s-Red-Mill-Gluten-Free-White-Rice-Flour-24-oz_8f70e366-51c7-4f18-b95a-484c8432845b_1.2b8f1a5fa7eb6414123d665ff2b7d77d.jpeg,,N/A,https://www.walmart.com/ip/175700636,3.5,https://www.amazon.com/dp/B07V1YMGLY,https://www.amazon.com/s?k=Bob's%20Red%20Mill%2C%20Gluten%20Free%20White%20Rice%20Flour%2C%2024%20oz,https://www.ebay.com/sch/i.html?_nkw=Bob's%20Red%20Mill%2C%20Gluten%20Free%20White%20Rice%20Flour%2C%2024%20oz,https://www.google.com/search?q=Bob's%20Red%20Mill%2C%20Gluten%20Free%20White%20Rice%20Flour%2C%2024%20oz,https://seller.walmart.com/catalog/add-items?search=175700636,N/A,no,no,no,17,10,7,1601,Hollywood Traders,wfs,$10.90,105,$9.85,$17.95,10.9,3.5,1.04,9.58 %,29.84 %,0.00,3.64,1,$8.90,1k+ units sold this month on Amazon,$6.36,$4.95,0,$0.87,8.00%,$0.08,1,$0.46,$0.30 /lb,$0.46,$0.00,$0.00,$0.00,$0.00,0,$0.00,4.9,153,Pulling package information from B07V1YMGLY via amazon.com,"8.86, 6.57, 3.07 in, 1.52 lbs",8.86,6.57,3.07,1.52,N/A,Computer
"05/27/2025, 04:31 AM PDT","05/27/2025, 07:31 AM EDT","05/27/2025, 06:31 AM CDT","05/27/2025, 04:31 AM PDT",Bob's Red Mill Whole Grain Millet 28 oz Pkg,353161844,39978124067,Single,2,Bob's Red Mill,Grocery,Grains,N/A,N/A,039978124067,https://i5.walmartimages.com/seo/Bob-s-Red-Mill-Whole-Grain-Millet-28-oz-Pkg_90336628-bd6a-44b9-bb15-9374b15e8dc7.d3df0fd349b9a74642865102fca293f7.jpeg,,N/A,https://www.walmart.com/ip/353161844,3.6,https://www.amazon.com/dp/B07XJQX2WC,https://www.amazon.com/s?k=Bob's%20Red%20Mill%20Whole%20Grain%20Millet%2028%20oz%20Pkg,https://www.ebay.com/sch/i.html?_nkw=Bob's%20Red%20Mill%20Whole%20Grain%20Millet%2028%20oz%20Pkg,https://www.google.com/search?q=Bob's%20Red%20Mill%20Whole%20Grain%20Millet%2028%20oz%20Pkg,https://seller.walmart.com/catalog/add-items?search=353161844,N/A,no,no,yes,4,1,2,440,Marny Store,wfs,$11.99,15,$9.48,$11.99,11.99,3.6,1.4,11.71 %,39.01 %,10.40,4.00,1,$9.08,50+ units sold this month on Amazon,$6.99,$5.45,0,$0.96,8.00%,$0.04,1,$0.54,$0.30 /lb,$0.54,$0.00,$0.00,$0.00,$0.00,0,$0.00,4.8,353,"The listing has 2 variations,Pulling package information from B07XJQX2WC via amazon.com,Walmart.com is on the listing","8.62, 4.69, 2.24 in, 1.79 lbs",8.62,4.69,2.24,1.79,N/A,Computer
"05/27/2025, 04:35 AM PDT","05/27/2025, 07:35 AM EDT","05/27/2025, 06:35 AM CDT","05/27/2025, 04:35 AM PDT","Bob's Red Mill Whole Grain Oat Flour, 20 oz",908498397,39978113115,N/A,N/A,Bob's Red Mill,Grocery,Flours,N/A,N/A,039978113115,https://i5.walmartimages.com/seo/Bob-s-Red-Mill-Whole-Grain-Oat-Flour-20-oz_b1c68d54-5d2a-46d3-a935-4a52c5c3db8d.096502f7e1c165c12e4e42ed532d19b0.jpeg,,N/A,https://www.walmart.com/ip/908498397,3.56,https://www.amazon.com/dp/B07XJQQY9K,https://www.amazon.com/s?k=Bob's%20Red%20Mill%20Whole%20Grain%20Oat%20Flour%2C%2020%20oz,https://www.ebay.com/sch/i.html?_nkw=Bob's%20Red%20Mill%20Whole%20Grain%20Oat%20Flour%2C%2020%20oz,https://www.google.com/search?q=Bob's%20Red%20Mill%20Whole%20Grain%20Oat%20Flour%2C%2020%20oz,https://seller.walmart.com/catalog/add-items?search=908498397,Best seller,no,no,no,5,3,2,307,Marny Store,wfs,$10.99,2,$10.21,$16.08,10.99,3.56,1.17,10.60 %,32.73 %,0.00,3.78,1,$9.00,1k+ units sold this month on Amazon,$6.26,$4.95,0,$0.88,8.00%,$0.06,1,$0.38,$0.30 /lb,$0.38,$0.00,$0.00,$0.00,$0.00,0,$0.00,5,95,Pulling package information from B07XJQQY9K via amazon.com,"8.86, 6.69, 2.24 in, 1.26 lbs",8.86,6.69,2.24,1.26,N/A,Computer
"05/27/2025, 04:40 AM PDT","05/27/2025, 07:40 AM EDT","05/27/2025, 06:40 AM CDT","05/27/2025, 04:40 AM PDT",Bob's Red Mill Whole Grain Teff 24 oz,555131132,39978025364,N/A,N/A,Bob's,Grocery,Grains,N/A,N/A,039978025364,https://i5.walmartimages.com/seo/Bob-s-Red-Mill-Whole-Grain-Teff-24-oz_87ce62a4-3371-4e17-a9a2-dccf567ebccd.878de9b5afbce77277fd78e0de7b8d83.jpeg,,N/A,https://www.walmart.com/ip/555131132,6.21,https://www.amazon.com/dp/B07XTNYD8W,https://www.amazon.com/s?k=Bob's%20Red%20Mill%20Whole%20Grain%20Teff%2024%20oz,https://www.ebay.com/sch/i.html?_nkw=Bob's%20Red%20Mill%20Whole%20Grain%20Teff%2024%20oz,https://www.google.com/search?q=Bob's%20Red%20Mill%20Whole%20Grain%20Teff%2024%20oz,https://seller.walmart.com/catalog/add-items?search=555131132,"Reviewers highlighted: taste, texture",no,no,no,3,1,2,103,Marny Store,wfs,$14.68,28,$14.34,$19.93,14.68,6.21,1.83,12.45 %,29.43 %,12.60,6.43,1,$13.01,400+ units sold this month on Amazon,$6.64,$4.95,0,$1.17,8.00%,$0.06,1,$0.46,$0.30 /lb,$0.46,$0.00,$0.00,$0.00,$0.00,0,$0.00,4.8,335,"Pulling package information from B07XTNYD8W via amazon.com,3 or less sellers","9.29, 6.38, 2.17 in, 1.54 lbs",9.29,6.38,2.17,1.54,N/A,Computer
"05/27/2025, 04:56 AM PDT","05/27/2025, 07:56 AM EDT","05/27/2025, 06:56 AM CDT","05/27/2025, 04:56 AM PDT",Bob's Red Mill 5 Grain Hot Cereal 16 oz Pkg,824577800,39978111050,N/A,N/A,Bob's Red Mill,Grocery,Hot Cereal,N/A,N/A,039978111050,https://i5.walmartimages.com/seo/Bob-s-Red-Mill-5-Grain-Hot-Cereal-16-oz-Pkg_7922dfdd-3438-4354-89e7-236fb10de018.103c10f52ccd661cc4f246fea3433a91.png,,N/A,https://www.walmart.com/ip/824577800,2.56,https://www.amazon.com/dp/B084J68R6J,https://www.amazon.com/s?k=Bob's%20Red%20Mill%205%20Grain%20Hot%20Cereal%2016%20oz%20Pkg,https://www.ebay.com/sch/i.html?_nkw=Bob's%20Red%20Mill%205%20Grain%20Hot%20Cereal%2016%20oz%20Pkg,https://www.google.com/search?q=Bob's%20Red%20Mill%205%20Grain%20Hot%20Cereal%2016%20oz%20Pkg,https://seller.walmart.com/catalog/add-items?search=824577800,N/A,no,no,no,11,9,2,230,24/7 Mart,wfs,$10.00,19,$7.69,$11.50,10,2.56,1.33,13.34 %,52.12 %,9.55,3.12,1,$7.20,N/A,$6.11,$4.95,0,$0.80,8.00%,$0.05,1,$0.30,$0.30 /lb,$0.30,$0.00,$0.00,$0.00,$0.00,0,$0.00,4.8,495,Pulling package information from B084J68R6J via amazon.com,"8.94, 6.77, 2.01 in, 1.01 lbs",8.94,6.77,2.01,1.01,N/A,Computer
"05/27/2025, 04:57 AM PDT","05/27/2025, 07:57 AM EDT","05/27/2025, 06:57 AM CDT","05/27/2025, 04:57 AM PDT",Bob's Red Mill Active Dry Yeast 8 oz Pkg,718052437,39978045010,N/A,N/A,Bob's Red Mill,Grocery,Yeasts & Leaveners,N/A,N/A,1590S08,https://i5.walmartimages.com/seo/Bob-s-Red-Mill-Active-Dry-Yeast-8-oz-Pkg_8ee51d3e-2e1f-49df-99f6-bfb5697dae44.d0255436181cc0467bb9501fe2360ab0.png,,N/A,https://www.walmart.com/ip/718052437,4.89,https://www.amazon.com/dp/B07BJD2KKN,https://www.amazon.com/s?k=Bob's%20Red%20Mill%20Active%20Dry%20Yeast%208%20oz%20Pkg,https://www.ebay.com/sch/i.html?_nkw=Bob's%20Red%20Mill%20Active%20Dry%20Yeast%208%20oz%20Pkg,https://www.google.com/search?q=Bob's%20Red%20Mill%20Active%20Dry%20Yeast%208%20oz%20Pkg,https://seller.walmart.com/catalog/add-items?search=718052437,N/A,no,yes,no,13,8,5,586,Aricomp,wfs,$10.00,10,$9.98,$17.95,10,4.89,0.57,5.70 %,11.66 %,0.00,4.37,1,$41.50,N/A,$4.54,$3.45,0,$0.80,8.00%,$0.14,1,$0.15,$0.30 /lb,$0.15,$0.00,$0.00,$0.00,$0.00,0,$0.00,4.8,194,User edited dimensions/weight,"10.83, 9.21, 3.23 in, 0.50 lbs",10.83,9.21,3.23,0.50,N/A,Computer
"05/27/2025, 05:04 AM PDT","05/27/2025, 08:04 AM EDT","05/27/2025, 07:04 AM CDT","05/27/2025, 05:04 AM PDT","Bob's Red Mill Plant-Based Almond Protein Powder, 20g Protein, 14 oz",307666236,39978006554,N/A,N/A,Bob's Red Mill,Health & Personal Care,Protein Supplements,"Bob's Red Mill Natural Foods, Inc.",BOB459,Bob's Red Mill,https://i5.walmartimages.com/seo/Bob-s-Red-Mill-Plant-Based-Almond-Protein-Powder-20g-Protein-14-oz_ae347fee-4b81-43be-a0d8-7a73304d65c6.59094b3fd01b61cd2d14c53d2f1e6610.png,,N/A,https://www.walmart.com/ip/307666236,13.01,https://www.amazon.com/dp/B0923F7N6F,https://www.amazon.com/s?k=Bob's%20Red%20Mill%20Plant-Based%20Almond%20Protein%20Powder%2C%2020g%20Protein%2C%2014%20oz,https://www.ebay.com/sch/i.html?_nkw=Bob's%20Red%20Mill%20Plant-Based%20Almond%20Protein%20Powder%2C%2020g%20Protein%2C%2014%20oz,https://www.google.com/search?q=Bob's%20Red%20Mill%20Plant-Based%20Almond%20Protein%20Powder%2C%2020g%20Protein%2C%2014%20oz,https://seller.walmart.com/catalog/add-items?search=307666236,"Reviewers highlighted: texture, for smoothies",no,no,no,5,3,2,318,Blue Market,wfs,$23.87,26,$23.86,$29.95,22.99,13.01,1.26,5.47 %,9.67 %,21.40,11.41,1,$24.99,400+ units sold this month on Amazon,$8.72,$4.95,0,$3.45,15.00%,$0.05,1,$0.27,$0.30 /lb,$0.27,$0.00,$0.00,$0.00,$0.00,0,$0.00,4.6,156,Pulling package information from B0923F7N6F via amazon.com,"8.94, 6.77, 2.05 in, 0.90 lbs",8.94,6.77,2.05,0.90,N/A,Computer
"05/27/2025, 05:06 AM PDT","05/27/2025, 08:06 AM EDT","05/27/2025, 07:06 AM CDT","05/27/2025, 05:06 AM PDT","Bob's Red Mill Gluten Free Arrowroot Starch Flour, 16 oz",361790964,39978025050,N/A,N/A,Bob's Red Mill,Grocery,Flours,N/A,N/A,BRM02505,https://i5.walmartimages.com/seo/Bob-s-Red-Mill-Gluten-Free-Arrowroot-Starch-Flour-16-oz_355dbeef-3e48-4ed4-93e0-7b01736f75e2.4f097a5573655505dc583229d0d2dc5c.jpeg,,N/A,https://www.walmart.com/ip/361790964,5.11,https://www.amazon.com/dp/B078SBYPGV,https://www.amazon.com/s?k=Bob's%20Red%20Mill%20Gluten%20Free%20Arrowroot%20Starch%20Flour%2C%2016%20oz,https://www.ebay.com/sch/i.html?_nkw=Bob's%20Red%20Mill%20Gluten%20Free%20Arrowroot%20Starch%20Flour%2C%2016%20oz,https://www.google.com/search?q=Bob's%20Red%20Mill%20Gluten%20Free%20Arrowroot%20Starch%20Flour%2C%2016%20oz,https://seller.walmart.com/catalog/add-items?search=361790964,N/A,no,yes,no,13,9,4,619,KoFe,wfs,$11.64,27,$11.64,$18.70,11.64,5.11,0.27,2.33 %,5.30 %,11.25,4.30,1,$14.08,1k+ units sold this month on Amazon,$6.26,$4.95,0,$0.93,8.00%,$0.07,1,$0.31,$0.30 /lb,$0.31,$0.00,$0.00,$0.00,$0.00,0,$0.00,4.8,146,Pulling package information from B078SBYPGV via amazon.com,"9.29, 7.28, 2.24 in, 1.04 lbs",9.29,7.28,2.24,1.04,N/A,Computer
"05/27/2025, 05:08 AM PDT","05/27/2025, 08:08 AM EDT","05/27/2025, 07:08 AM CDT","05/27/2025, 05:08 AM PDT","Bob's Red Mill, Gluten Free, Double Acting Baking Powder, 14 oz Plastic Pouch",608280100,39978033925,N/A,N/A,Bob's Red Mill,Grocery,Baking Powder,N/A,N/A,BRM03392,https://i5.walmartimages.com/seo/Bob-s-Red-Mill-Gluten-Free-Double-Acting-Baking-Powder-14-oz-Plastic-Pouch_e971c29d-2d12-4d26-997a-afc60928d89d.3283c2d42cfa994ce5029e48ada4b1bb.jpeg,,N/A,https://www.walmart.com/ip/608280100,3.31,https://www.amazon.com/dp/B078T2TL6M,https://www.amazon.com/s?k=Bob's%20Red%20Mill%2C%20Gluten%20Free%2C%20Double%20Acting%20Baking%20Powder%2C%2014%20oz%20Plastic%20Pouch,https://www.ebay.com/sch/i.html?_nkw=Bob's%20Red%20Mill%2C%20Gluten%20Free%2C%20Double%20Acting%20Baking%20Powder%2C%2014%20oz%20Plastic%20Pouch,https://www.google.com/search?q=Bob's%20Red%20Mill%2C%20Gluten%20Free%2C%20Double%20Acting%20Baking%20Powder%2C%2014%20oz%20Plastic%20Pouch,https://seller.walmart.com/catalog/add-items?search=608280100,N/A,no,no,no,14,6,8,11539,Fletho,wfs,$10.00,83,$10.00,$16.95,10,3.31,0.65,6.52 %,19.71 %,0.00,3.17,1,$8.15,5k+ units sold this month on Amazon,$6.04,$4.95,0,$0.80,8.00%,$0.02,1,$0.26,$0.30 /lb,$0.26,$0.00,$0.00,$0.00,$0.00,0,$0.00,4.8,137,Pulling package information from B078T2TL6M via amazon.com,"7.36, 5.55, 1.34 in, 0.88 lbs",7.36,5.55,1.34,0.88,N/A,Computer
"05/27/2025, 05:14 AM PDT","05/27/2025, 08:14 AM EDT","05/27/2025, 07:14 AM CDT","05/27/2025, 05:14 AM PDT",Bob's Red Mill Brown Lentils 27 oz Pkg,806470311,39978114259,N/A,N/A,Bob's Red Mill,Grocery,Dry Beans & Legumes,N/A,N/A,BRM11425,https://i5.walmartimages.com/seo/Bob-s-Red-Mill-Brown-Lentils-27-oz-Pkg_3446a4f4-e469-4f89-9d07-6bee87ca4ae0.c6fd9a0baddc4a02bf7f87424f55c5b0.png,,N/A,https://www.walmart.com/ip/806470311,4.06,https://www.amazon.com/dp/B09JBHMHXC,https://www.amazon.com/s?k=Bob's%20Red%20Mill%20Brown%20Lentils%2027%20oz%20Pkg,https://www.ebay.com/sch/i.html?_nkw=Bob's%20Red%20Mill%20Brown%20Lentils%2027%20oz%20Pkg,https://www.google.com/search?q=Bob's%20Red%20Mill%20Brown%20Lentils%2027%20oz%20Pkg,https://seller.walmart.com/catalog/add-items?search=806470311,N/A,no,yes,no,5,4,1,141,Aricomp,wfs,$11.59,12,$10.54,$12.82,11.59,4.06,1.05,9.03 %,25.78 %,10.35,4.09,1,$5.55,N/A,$6.48,$4.95,0,$0.93,8.00%,$0.09,1,$0.52,$0.30 /lb,$0.52,$0.00,$0.00,$0.00,$0.00,0,$0.00,4.9,236,Pulling package information from B09JBHMHXC via amazon.com,"11.22, 8.86, 2.09 in, 1.72 lbs",11.22,8.86,2.09,1.72,N/A,Computer
"05/27/2025, 05:16 AM PDT","05/27/2025, 08:16 AM EDT","05/27/2025, 07:16 AM CDT","05/27/2025, 05:16 AM PDT","Bob's Red Mill Buttermilk Pancake & Waffle Mix, 24 oz",127535328,39978118806,N/A,N/A,Bob's Red Mill,Grocery,Baking Mixes,N/A,N/A,BRM11880,https://i5.walmartimages.com/seo/Bob-s-Red-Mill-Buttermilk-Pancake-Waffle-Mix-24-oz_7686df83-1ebe-4757-b64b-5e11ea73b715.c2fdf69297a3b0a16ddfd4bd1a0234d1.jpeg,,N/A,https://www.walmart.com/ip/127535328,4.15,https://www.amazon.com/dp/B07Q38RM7B,https://www.amazon.com/s?k=Bob's%20Red%20Mill%20Buttermilk%20Pancake%20%26%20Waffle%20Mix%2C%2024%20oz,https://www.ebay.com/sch/i.html?_nkw=Bob's%20Red%20Mill%20Buttermilk%20Pancake%20%26%20Waffle%20Mix%2C%2024%20oz,https://www.google.com/search?q=Bob's%20Red%20Mill%20Buttermilk%20Pancake%20%26%20Waffle%20Mix%2C%2024%20oz,https://seller.walmart.com/catalog/add-items?search=127535328,N/A,no,no,no,5,1,4,290,Blue Market,wfs,$12.66,11,$10.87,$17.26,12.66,4.15,2.03,16.01 %,48.85 %,10.35,4.94,1,$5.11,1k+ units sold this month on Amazon,$6.48,$4.95,0,$1.01,8.00%,$0.06,1,$0.46,$0.30 /lb,$0.46,$0.00,$0.00,$0.00,$0.00,0,$0.00,4.2,52,Pulling package information from B07Q38RM7B via amazon.com,"8.98, 6.42, 2.56 in, 1.52 lbs",8.98,6.42,2.56,1.52,N/A,Computer
"05/27/2025, 05:18 AM PDT","05/27/2025, 08:18 AM EDT","05/27/2025, 07:18 AM CDT","05/27/2025, 05:18 AM PDT",Bob's Red Mill Homestyle Buttermilk Pancake & Waffle Mix 20 oz,5395422943,39978004833,Single,1,Bob's Red Mill,Grocery,Baking Mixes,N/A,N/A,N/A,https://i5.walmartimages.com/seo/Bob-s-Red-Mill-Homestyle-Buttermilk-Pancake-Waffle-Mix-20-oz_195bba66-04ac-46e8-8e41-4ad3ec6de728.a5bb5bb027d7fecba4f9b1a6048d52e9.jpeg,,N/A,https://www.walmart.com/ip/5395422943,4.41,https://www.amazon.com/dp/B0D5JXMKV3,https://www.amazon.com/s?k=Bob's%20Red%20Mill%20Homestyle%20Buttermilk%20Pancake%20%26%20Waffle%20Mix%2020%20oz,https://www.ebay.com/sch/i.html?_nkw=Bob's%20Red%20Mill%20Homestyle%20Buttermilk%20Pancake%20%26%20Waffle%20Mix%2020%20oz,https://www.google.com/search?q=Bob's%20Red%20Mill%20Homestyle%20Buttermilk%20Pancake%20%26%20Waffle%20Mix%2020%20oz,https://seller.walmart.com/catalog/add-items?search=5395422943,N/A,no,no,no,3,1,2,72,Daphns Wall,wfs,$11.00,23,$11.00,$14.90,11,4.41,2.2,19.99 %,49.87 %,9.60,5.29,1,$6.29,900+ units sold this month on Amazon,$4.39,$3.45,0,$0.88,8.00%,$0.05,1,$0.01,$0.30 /lb,$0.01,$0.00,$0.00,$0.00,$0.00,0,$0.00,4.7,1487,"Pulling package information from B0D5JXMKV3 via amazon.com,3 or less sellers","8.86, 6.81, 2.09 in, 0.02 lbs",8.86,6.81,2.09,0.02,N/A,Computer
"05/27/2025, 05:19 AM PDT","05/27/2025, 08:19 AM EDT","05/27/2025, 07:19 AM CDT","05/27/2025, 05:19 AM PDT",Bob's Red Mill Decadent Chocolate Cake Mix 15.5 oz.,5117580510,39978004758,N/A,N/A,Bob's Red Mill,Grocery,Baking Mixes,N/A,N/A,N/A,https://i5.walmartimages.com/seo/Bob-s-Red-Mill-Decadent-Chocolate-Cake-Mix-15-5-oz_dd44c506-2439-4210-b024-67bfa8ea165f.680aa4742578a0951e7262756c277fd5.jpeg,,N/A,https://www.walmart.com/ip/5117580510,3.59,https://www.amazon.com/dp/B0CS7D9KSF,https://www.amazon.com/s?k=Bob's%20Red%20Mill%20Decadent%20Chocolate%20Cake%20Mix%2015.5%20oz.,https://www.ebay.com/sch/i.html?_nkw=Bob's%20Red%20Mill%20Decadent%20Chocolate%20Cake%20Mix%2015.5%20oz.,https://www.google.com/search?q=Bob's%20Red%20Mill%20Decadent%20Chocolate%20Cake%20Mix%2015.5%20oz.,https://seller.walmart.com/catalog/add-items?search=5117580510,N/A,no,no,no,3,1,2,13,VintageCreationsLLC.,mfn,$12.76,8,$12.76,$14.99,12.76,3.59,2.9,22.76 %,80.89 %,0.00,5.20,1,$9.96,100+ units sold this month on Amazon,$6.27,$4.95,0,$1.02,8.00%,$0.06,1,$0.23,$0.30 /lb,$0.23,$0.00,$0.00,$0.00,$0.00,0,$0.00,4.8,342,"Pulling package information from B0CS7D9KSF via amazon.com,3 or less sellers","8.15, 7.20, 2.40 in, 0.78 lbs",8.15,7.20,2.40,0.78,N/A,Computer
"05/27/2025, 05:21 AM PDT","05/27/2025, 08:21 AM EDT","05/27/2025, 07:21 AM CDT","05/27/2025, 05:21 AM PDT",Bob's Red Mill Unsweetened Coconut Flakes 10 oz Pkg,232682564,39978035813,N/A,N/A,Bob's Red Mill,Grocery,Coconut Flakes,N/A,N/A,BRM03581,https://i5.walmartimages.com/seo/Bob-s-Red-Mill-Unsweetened-Coconut-Flakes-10-oz-Pkg_6161b47e-61b0-4db1-bfc5-48a64da96dc2.78758c73548f5c25fdb4ee8c5cadd640.jpeg,,N/A,https://www.walmart.com/ip/232682564,3.33,https://www.amazon.com/dp/B078TRF1PK,https://www.amazon.com/s?k=Bob's%20Red%20Mill%20Unsweetened%20Coconut%20Flakes%2010%20oz%20Pkg,https://www.ebay.com/sch/i.html?_nkw=Bob's%20Red%20Mill%20Unsweetened%20Coconut%20Flakes%2010%20oz%20Pkg,https://www.google.com/search?q=Bob's%20Red%20Mill%20Unsweetened%20Coconut%20Flakes%2010%20oz%20Pkg,https://seller.walmart.com/catalog/add-items?search=232682564,N/A,no,no,no,9,6,3,264,Aricomp,wfs,$10.00,15,$9.33,$10.44,9,3.33,0.24,2.67 %,7.22 %,8.65,2.86,1,$9.74,800+ units sold this month on Amazon,$5.43,$3.45,0,$0.72,8.00%,$0.06,1,$1.20,$0.30 /lb,$0.20,$0.00,$0.00,$0.00,$0.00,0,$0.00,4.8,140,Pulling package information from B078TRF1PK via amazon.com,"8.66, 6.61, 2.48 in, 0.66 lbs",8.66,6.61,2.48,0.66,N/A,Computer
"05/27/2025, 05:22 AM PDT","05/27/2025, 08:22 AM EDT","05/27/2025, 07:22 AM CDT","05/27/2025, 05:22 AM PDT",Bob's Red Mill Organic Coconut Sugar 13 oz Pkg,330556524,39978018175,N/A,N/A,Bob's Red Mill,Grocery,Sugars,N/A,N/A,6136S13,https://i5.walmartimages.com/seo/Bob-s-Red-Mill-Organic-Coconut-Sugar-13-oz-Pkg_248cd7e7-8195-4b8c-82e2-3ff0445f67f5.d374e213bacbceaa1a34c4dbc1879829.jpeg,,N/A,https://www.walmart.com/ip/330556524,4.76,https://www.amazon.com/dp/B078X2M718,https://www.amazon.com/s?k=Bob's%20Red%20Mill%20Organic%20Coconut%20Sugar%2013%20oz%20Pkg,https://www.ebay.com/sch/i.html?_nkw=Bob's%20Red%20Mill%20Organic%20Coconut%20Sugar%2013%20oz%20Pkg,https://www.google.com/search?q=Bob's%20Red%20Mill%20Organic%20Coconut%20Sugar%2013%20oz%20Pkg,https://seller.walmart.com/catalog/add-items?search=330556524,N/A,no,no,no,3,0,3,34,VitaminLife,mfn,$16.00,1,$16.00,$21.45,16,4.76,3.6,22.51 %,75.65 %,10.80,6.69,1,$10.99,200+ units sold this month on Amazon,$7.64,$4.95,0,$2.40,15.00%,$0.04,1,$0.25,$0.30 /lb,$0.25,$0.00,$0.00,$0.00,$0.00,0,$0.00,4.8,84,"Pulling package information from B078X2M718 via amazon.com,3 or less sellers","7.13, 5.87, 2.36 in, 0.82 lbs",7.13,5.87,2.36,0.82,N/A,Computer
"05/27/2025, 11:34 PM PDT","05/28/2025, 02:34 AM EDT","05/28/2025, 01:34 AM CDT","05/27/2025, 11:34 PM PDT","Bob's Red Mill Flaxseed Meal, 16 oz Shelf-Stable Bag",842557136,39978023308,Single,2,Bob's Red Mill,Grocery,Single Herbs & Spices,N/A,N/A,1235S16,https://i5.walmartimages.com/seo/Bob-s-Red-Mill-Premium-Whole-Ground-Flaxseed-Meal-16-oz-Pkg_a23981a8-4ff3-486a-a626-12ddbee82109.77ff1742aa6ba0eadb2dbdbac7f896d8.jpeg,,N/A,https://www.walmart.com/ip/842557136,3.72,https://www.amazon.com/dp/B00PO9IOV4,https://www.amazon.com/s?k=Bob's%20Red%20Mill%20Flaxseed%20Meal%2C%2016%20oz%20Shelf-Stable%20Bag,https://www.ebay.com/sch/i.html?_nkw=Bob's%20Red%20Mill%20Flaxseed%20Meal%2C%2016%20oz%20Shelf-Stable%20Bag,https://www.google.com/search?q=Bob's%20Red%20Mill%20Flaxseed%20Meal%2C%2016%20oz%20Shelf-Stable%20Bag,https://seller.walmart.com/catalog/add-items?search=842557136,N/A,no,yes,no,4,1,3,47,Blue Market,wfs,$11.49,6,$10.39,$16.74,10,3.72,0.13,1.35 %,3.62 %,0.00,3.08,1,$17.75,N/A,$6.15,$4.95,0,$0.80,8.00%,$0.08,1,$0.31,$0.30 /lb,$0.31,$0.00,$0.00,$0.00,$0.00,0,$0.00,4.9,245,"The listing has 2 variations,Pulling package information from B00PO9IOV4 via amazon.com,User edited dimensions/weight","9.02, 6.85, 3.11 in, 1.04 lbs",9.02,6.85,3.11,1.04,N/A,Computer
"05/27/2025, 11:37 PM PDT","05/28/2025, 02:37 AM EDT","05/28/2025, 01:37 AM CDT","05/27/2025, 11:37 PM PDT",Bob's Red Mill Gluten Free Cornbread Mix 20 oz Pkg,246087366,39978114617,N/A,N/A,Bob's Red Mill,Grocery,Baking Mixes,N/A,N/A,BRM11461,https://i5.walmartimages.com/seo/Bob-s-Red-Mill-Gluten-Free-Cornbread-Mix-20-oz-Pkg_f6eb309c-0206-4e98-bd99-a1cdc72461ca.5be44dec546f7c58a5cdfea1cee96488.jpeg,,N/A,https://www.walmart.com/ip/246087366,3.33,https://www.amazon.com/dp/B00I8G3XH0,https://www.amazon.com/s?k=Bob's%20Red%20Mill%20Gluten%20Free%20Cornbread%20Mix%2020%20oz%20Pkg,https://www.ebay.com/sch/i.html?_nkw=Bob's%20Red%20Mill%20Gluten%20Free%20Cornbread%20Mix%2020%20oz%20Pkg,https://www.google.com/search?q=Bob's%20Red%20Mill%20Gluten%20Free%20Cornbread%20Mix%2020%20oz%20Pkg,https://seller.walmart.com/catalog/add-items?search=246087366,N/A,no,yes,no,3,1,2,258,"SGDC, LLC",wfs,$12.49,11,$9.59,$12.49,12.49,3.33,2.78,22.24 %,83.42 %,0.00,4.89,1,$9.99,N/A,$6.38,$4.95,0,$1.00,8.00%,$0.05,1,$0.38,$0.30 /lb,$0.38,$0.00,$0.00,$0.00,$0.00,0,$0.00,4.6,223,"Pulling package information from B00I8G3XH0 via amazon.com,3 or less sellers","9.06, 6.73, 1.85 in, 1.28 lbs",9.06,6.73,1.85,1.28,N/A,Computer
"05/27/2025, 11:39 PM PDT","05/28/2025, 02:39 AM EDT","05/28/2025, 01:39 AM CDT","05/27/2025, 11:39 PM PDT","Bob's Red Mill, Gluten Free, Oat All - Purpose Flour, 18 oz Plastic Pouch",373202112,39978113771,N/A,N/A,Bob's Red Mill,Grocery,Flours,N/A,N/A,7080R0112,https://i5.walmartimages.com/seo/Bob-s-Red-Mill-Gluten-Free-Oat-All-Purpose-Flour-18-oz-Plastic-Pouch_fdbd2e23-aa53-41ab-83f4-8e96f94af3b8.73f5e7cff321deddd86117f18d323a48.jpeg,,N/A,https://www.walmart.com/ip/373202112,4.82,https://www.amazon.com/dp/B07XP6LSS5,https://www.amazon.com/s?k=Bob's%20Red%20Mill%2C%20Gluten%20Free%2C%20Oat%20All%20-%20Purpose%20Flour%2C%2018%20oz%20Plastic%20Pouch,https://www.ebay.com/sch/i.html?_nkw=Bob's%20Red%20Mill%2C%20Gluten%20Free%2C%20Oat%20All%20-%20Purpose%20Flour%2C%2018%20oz%20Plastic%20Pouch,https://www.google.com/search?q=Bob's%20Red%20Mill%2C%20Gluten%20Free%2C%20Oat%20All%20-%20Purpose%20Flour%2C%2018%20oz%20Plastic%20Pouch,https://seller.walmart.com/catalog/add-items?search=373202112,N/A,no,no,no,7,4,3,184,MIDE Distributors,wfs,$11.18,13,$11.18,$18.46,11.18,4.82,0.12,1.09 %,2.53 %,10.95,3.95,1,$9.65,1k+ units sold this month on Amazon,$6.24,$4.95,0,$0.89,8.00%,$0.05,1,$0.34,$0.30 /lb,$0.34,$0.00,$0.00,$0.00,$0.00,0,$0.00,4.9,125,Pulling package information from B07XP6LSS5 via amazon.com,"8.82, 6.73, 1.89 in, 1.15 lbs",8.82,6.73,1.89,1.15,N/A,Computer
"05/27/2025, 11:41 PM PDT","05/28/2025, 02:41 AM EDT","05/28/2025, 01:41 AM CDT","05/27/2025, 11:41 PM PDT",Bob's Red Mill Gluten Free Pizza Crust Mix 16 oz Pkg,875596036,39978113948,N/A,N/A,Bob's Red Mill,Grocery,Baking Mixes,N/A,N/A,BRM11394,https://i5.walmartimages.com/seo/Bob-s-Red-Mill-Gluten-Free-Pizza-Crust-Mix-16-oz-Pkg_95811f56-cc86-4e25-b542-60162c2eee09.5fa81e9bfb3b95533002292d7a7cdd3c.jpeg,,N/A,https://www.walmart.com/ip/875596036,3.76,https://www.amazon.com/dp/B003X1YMSO,https://www.amazon.com/s?k=Bob's%20Red%20Mill%20Gluten%20Free%20Pizza%20Crust%20Mix%2016%20oz%20Pkg,https://www.ebay.com/sch/i.html?_nkw=Bob's%20Red%20Mill%20Gluten%20Free%20Pizza%20Crust%20Mix%2016%20oz%20Pkg,https://www.google.com/search?q=Bob's%20Red%20Mill%20Gluten%20Free%20Pizza%20Crust%20Mix%2016%20oz%20Pkg,https://seller.walmart.com/catalog/add-items?search=875596036,N/A,no,no,no,7,4,3,365,RST deals,mfn,$9.99,4,$9.99,$13.79,11,3.76,1.03,9.32 %,27.26 %,0.00,3.83,1,$9.16,50+ units sold this month on Amazon,$6.21,$4.95,0,$0.88,8.00%,$0.07,1,$0.31,$0.30 /lb,$0.31,$0.00,$0.00,$0.00,$0.00,0,$0.00,4.4,225,Pulling package information from B003X1YMSO via amazon.com,"8.82, 8.78, 2.17 in, 1.04 lbs",8.82,8.78,2.17,1.04,N/A,Computer
"05/27/2025, 11:43 PM PDT","05/28/2025, 02:43 AM EDT","05/28/2025, 01:43 AM CDT","05/27/2025, 11:43 PM PDT",Bob's Red Mill Gluten Free All Purpose Baking Flour 22 oz Pkg,947615627,39978024527,N/A,N/A,Bob's Red Mill,Grocery,Flours,N/A,N/A,BRM02452,https://i5.walmartimages.com/seo/Bob-s-Red-Mill-Gluten-Free-All-Purpose-Baking-Flour-22-oz-Pkg_463d4b58-6bd3-4510-8ead-5afe3cad5263.77ef93373fc1d99771296f165bb0ac3d.png,,N/A,https://www.walmart.com/ip/947615627,4.25,https://www.amazon.com/dp/B07H395PLH,https://www.amazon.com/s?k=Bob's%20Red%20Mill%20Gluten%20Free%20All%20Purpose%20Baking%20Flour%2022%20oz%20Pkg,https://www.ebay.com/sch/i.html?_nkw=Bob's%20Red%20Mill%20Gluten%20Free%20All%20Purpose%20Baking%20Flour%2022%20oz%20Pkg,https://www.google.com/search?q=Bob's%20Red%20Mill%20Gluten%20Free%20All%20Purpose%20Baking%20Flour%2022%20oz%20Pkg,https://seller.walmart.com/catalog/add-items?search=947615627,N/A,no,no,no,10,3,7,10352,Hollywood Traders,wfs,$12.00,96,$11.23,$19.00,12,4.25,1.35,11.22 %,31.68 %,10.45,4.48,1,$10.43,800+ units sold this month on Amazon,$6.40,$4.95,0,$0.96,8.00%,$0.08,1,$0.42,$0.30 /lb,$0.42,$0.00,$0.00,$0.00,$0.00,0,$0.00,4.5,258,Pulling package information from B07H395PLH via amazon.com,"8.98, 6.65, 2.95 in, 1.39 lbs",8.98,6.65,2.95,1.39,N/A,Computer
"05/27/2025, 11:44 PM PDT","05/28/2025, 02:44 AM EDT","05/28/2025, 01:44 AM CDT","05/27/2025, 11:44 PM PDT",Bob's Red Mill Gluten Free Biscuit & Baking Mix 24 oz Pkg,707837999,39978112231,N/A,N/A,Bob's Red Mill,Grocery,Baking Mixes,N/A,N/A,N/A,https://i5.walmartimages.com/seo/Bob-s-Red-Mill-Gluten-Free-Biscuit-Baking-Mix-24-oz-Pkg_93647685-0502-4a6c-8721-372e863abdf8.e211e7097b6bef89e375037d42b98f4f.jpeg,,N/A,https://www.walmart.com/ip/707837999,4.59,https://www.amazon.com/dp/B089R5L4G3,https://www.amazon.com/s?k=Bob's%20Red%20Mill%20Gluten%20Free%20Biscuit%20%26%20Baking%20Mix%2024%20oz%20Pkg,https://www.ebay.com/sch/i.html?_nkw=Bob's%20Red%20Mill%20Gluten%20Free%20Biscuit%20%26%20Baking%20Mix%2024%20oz%20Pkg,https://www.google.com/search?q=Bob's%20Red%20Mill%20Gluten%20Free%20Biscuit%20%26%20Baking%20Mix%2024%20oz%20Pkg,https://seller.walmart.com/catalog/add-items?search=707837999,N/A,no,no,no,3,2,1,108,Blue Market,wfs,$11.00,4,$11.00,$12.99,11,4.59,0.08,0.73 %,1.76 %,10.85,3.74,1,$11.00,100+ units sold this month on Amazon,$6.33,$4.95,0,$0.88,8.00%,$0.05,1,$0.45,$0.30 /lb,$0.45,$0.00,$0.00,$0.00,$0.00,0,$0.00,4.5,83,"Pulling package information from B089R5L4G3 via amazon.com,3 or less sellers","9.17, 6.85, 1.81 in, 1.50 lbs",9.17,6.85,1.81,1.50,N/A,Computer
"05/27/2025, 11:46 PM PDT","05/28/2025, 02:46 AM EDT","05/28/2025, 01:46 AM CDT","05/27/2025, 11:46 PM PDT",Bob's Red Mill Gluten Free All Purpose Baking Flour 44 oz Pkg,843139718,39978034526,N/A,N/A,Bob's Red Mill,Grocery,Flours,N/A,N/A,HG2285948,https://i5.walmartimages.com/seo/Bob-s-Red-Mill-Gluten-Free-All-Purpose-Baking-Flour-44-oz-Pkg_e729a695-7ada-400b-98e1-0438e9d2cf33.02216f390094acb53c36808d30574c48.jpeg,,N/A,https://www.walmart.com/ip/843139718,7.95,https://www.amazon.com/dp/B07FW7N9MR,https://www.amazon.com/s?k=Bob's%20Red%20Mill%20Gluten%20Free%20All%20Purpose%20Baking%20Flour%2044%20oz%20Pkg,https://www.ebay.com/sch/i.html?_nkw=Bob's%20Red%20Mill%20Gluten%20Free%20All%20Purpose%20Baking%20Flour%2044%20oz%20Pkg,https://www.google.com/search?q=Bob's%20Red%20Mill%20Gluten%20Free%20All%20Purpose%20Baking%20Flour%2044%20oz%20Pkg,https://seller.walmart.com/catalog/add-items?search=843139718,N/A,no,no,no,5,2,3,10151,Dewtho Preferred Products,wfs,$17.98,37,$15.83,$18.56,17.98,7.95,0.65,3.61 %,8.16 %,17.10,6.88,1,$15.83,200+ units sold this month on Amazon,$9.38,$5.75,0,$2.70,15.00%,$0.10,1,$0.83,$0.30 /lb,$0.83,$0.00,$0.00,$0.00,$0.00,0,$0.00,4.4,279,Pulling package information from B07FW7N9MR via amazon.com,"9.41, 8.58, 2.87 in, 2.78 lbs",9.41,8.58,2.87,2.78,N/A,Computer
"05/27/2025, 11:48 PM PDT","05/28/2025, 02:48 AM EDT","05/28/2025, 01:48 AM CDT","05/27/2025, 11:48 PM PDT",Bob's Red Mill Gluten Free Pancake Mix 24 oz Pkg,434918634,39978114624,N/A,N/A,Bob's Red Mill,Grocery,Baking Mixes,N/A,N/A,039978114624,https://i5.walmartimages.com/seo/Bob-s-Red-Mill-Gluten-Free-Pancake-Mix-22-oz-Pkg_c00412ea-4d28-44a2-996d-280ca5c97929.7e81a43df5ca14967d951a19a1689d8e.jpeg,,N/A,https://www.walmart.com/ip/434918634,4.89,https://www.amazon.com/dp/B07Q477W4F,https://www.amazon.com/s?k=Bob's%20Red%20Mill%20Gluten%20Free%20Pancake%20Mix%2024%20oz%20Pkg,https://www.ebay.com/sch/i.html?_nkw=Bob's%20Red%20Mill%20Gluten%20Free%20Pancake%20Mix%2024%20oz%20Pkg,https://www.google.com/search?q=Bob's%20Red%20Mill%20Gluten%20Free%20Pancake%20Mix%2024%20oz%20Pkg,https://seller.walmart.com/catalog/add-items?search=434918634,N/A,no,no,no,10,5,5,1035,Blue Market,wfs,$11.99,38,$10.83,$18.94,11.99,4.89,0.66,5.54 %,13.59 %,11.20,4.44,1,$9.83,2k+ units sold this month on Amazon,$6.44,$4.95,0,$0.96,8.00%,$0.07,1,$0.46,$0.30 /lb,$0.46,$0.00,$0.00,$0.00,$0.00,0,$0.00,4.7,1709,Pulling package information from B07Q477W4F via amazon.com,"9.02, 6.69, 2.68 in, 1.52 lbs",9.02,6.69,2.68,1.52,N/A,Computer
"05/27/2025, 11:49 PM PDT","05/28/2025, 02:49 AM EDT","05/28/2025, 01:49 AM CDT","05/27/2025, 11:49 PM PDT",Bobs Red Mill Protein Oats 32 oz Bag,5062202124,39978004802,N/A,N/A,Bob's Red Mill,Grocery,Oatmeal,N/A,N/A,N/A,https://i5.walmartimages.com/seo/Bobs-Red-Mill-Protein-Oats-32-oz-Bag_45fecf2d-d34f-4838-b25c-336455e2ac57.ff88a5dad004841db0103d43b148c591.jpeg,,N/A,https://www.walmart.com/ip/5062202124,6.59,https://www.amazon.com/dp/B0CHLFXN5Y,https://www.amazon.com/s?k=Bobs%20Red%20Mill%20Protein%20Oats%2032%20oz%20Bag,https://www.ebay.com/sch/i.html?_nkw=Bobs%20Red%20Mill%20Protein%20Oats%2032%20oz%20Bag,https://www.google.com/search?q=Bobs%20Red%20Mill%20Protein%20Oats%2032%20oz%20Bag,https://seller.walmart.com/catalog/add-items?search=5062202124,N/A,no,yes,no,4,1,3,198,Blue Market,wfs,$14.67,141,$14.67,$20.38,17.99,6.59,2.52,14.02 %,38.27 %,13.80,7.29,1,$9.94,50+ units sold this month on Amazon,$8.88,$5.45,0,$2.70,15.00%,$0.12,1,$0.61,$0.30 /lb,$0.61,$0.00,$0.00,$0.00,$0.00,0,$0.00,4.5,4,Pulling package information from B0CHLFXN5Y via amazon.com,"10.35, 8.39, 3.19 in, 2.03 lbs",10.35,8.39,3.19,2.03,N/A,Computer
"05/27/2025, 11:50 PM PDT","05/28/2025, 02:50 AM EDT","05/28/2025, 01:50 AM CDT","05/27/2025, 11:50 PM PDT","Bob's Red Mill Golden Masa Harina Corn Flour, 22 oz",804343047,39978013354,N/A,N/A,Bob's Red Mill,Grocery,Flours,N/A,N/A,BRM01335,https://i5.walmartimages.com/seo/Bob-s-Red-Mill-Golden-Masa-Harina-Corn-Flour-22-oz_365461e4-89cb-4319-b56a-bc3cb0b2f4d0.6f17078aff9eeafd49c8864ff54dfb97.jpeg,,N/A,https://www.walmart.com/ip/804343047,3.2,https://www.amazon.com/dp/B07X2TS5R9,https://www.amazon.com/s?k=Bob's%20Red%20Mill%20Golden%20Masa%20Harina%20Corn%20Flour%2C%2022%20oz,https://www.ebay.com/sch/i.html?_nkw=Bob's%20Red%20Mill%20Golden%20Masa%20Harina%20Corn%20Flour%2C%2022%20oz,https://www.google.com/search?q=Bob's%20Red%20Mill%20Golden%20Masa%20Harina%20Corn%20Flour%2C%2022%20oz,https://seller.walmart.com/catalog/add-items?search=804343047,N/A,no,yes,no,6,4,2,153,OTCRx4U,wfs,$9.29,3,$9.29,$16.17,10,3.2,0.55,5.48 %,17.12 %,0.00,3.00,1,$4.31,300+ units sold this month on Amazon,$6.25,$4.95,0,$0.80,8.00%,$0.09,1,$0.41,$0.30 /lb,$0.41,$0.00,$0.00,$0.00,$0.00,0,$0.00,4.8,427,Pulling package information from B07X2TS5R9 via amazon.com,"8.39, 6.22, 4.02 in, 1.37 lbs",8.39,6.22,4.02,1.37,N/A,Computer
"05/27/2025, 11:52 PM PDT","05/28/2025, 02:52 AM EDT","05/28/2025, 01:52 AM CDT","05/27/2025, 11:52 PM PDT","Bob's Red Mill Grain Free Chocolate Cake Mix, 10.5 Oz",871137741,39978006486,1,1,Bob's Red Mill,Grocery,Baking Mixes,N/A,N/A,3515S105,https://i5.walmartimages.com/seo/Bob-s-Red-Mill-Grain-Free-Chocolate-Cake-Mix-10-5-oz-Pkg_fadd8db4-9d27-4d57-bd42-30a6e15a7dcf.313832470d16fcb845ceb92db4fa00ee.jpeg,,N/A,https://www.walmart.com/ip/871137741,4.11,https://www.amazon.com/dp/B098LY3QCJ,https://www.amazon.com/s?k=Bob's%20Red%20Mill%20Grain%20Free%20Chocolate%20Cake%20Mix%2C%2010.5%20Oz,https://www.ebay.com/sch/i.html?_nkw=Bob's%20Red%20Mill%20Grain%20Free%20Chocolate%20Cake%20Mix%2C%2010.5%20Oz,https://www.google.com/search?q=Bob's%20Red%20Mill%20Grain%20Free%20Chocolate%20Cake%20Mix%2C%2010.5%20Oz,https://seller.walmart.com/catalog/add-items?search=871137741,N/A,no,no,no,1,0,1,8,iHerb,mfn,$11.19,8,$11.19,$11.19,11.19,4.11,2.5,22.30 %,60.71 %,9.50,5.28,1,$9.99,N/A,$4.58,$3.45,0,$0.90,8.00%,$0.04,1,$0.20,$0.30 /lb,$0.20,$0.00,$0.00,$0.00,$0.00,0,$0.00,4.6,26,"Pulling package information from B098LY3QCJ via amazon.com,3 or less sellers","6.77, 5.59, 2.17 in, 0.68 lbs",6.77,5.59,2.17,0.68,N/A,Computer
"05/27/2025, 11:53 PM PDT","05/28/2025, 02:53 AM EDT","05/28/2025, 01:53 AM CDT","05/27/2025, 11:53 PM PDT","Bob's Red Mill, Pan-Baked Granola, Gluten Free, Cranberry Almond, 11 oz",698686463,39978031730,N/A,N/A,Bob's Red Mill,Grocery,Granola,N/A,N/A,BRM03173,https://i5.walmartimages.com/seo/Bob-s-Red-Mill-Pan-Baked-Granola-Gluten-Free-Cranberry-Almond-11-oz_8496945f-6d99-4e9c-a12c-a2fc3bf17f5c.450d022227f6f42e1b705b02c9cc2431.jpeg,,N/A,https://www.walmart.com/ip/698686463,4.51,https://www.amazon.com/dp/B07S5PHCN8,https://www.amazon.com/s?k=Bob's%20Red%20Mill%2C%20Pan-Baked%20Granola%2C%20Gluten%20Free%2C%20Cranberry%20Almond%2C%2011%20oz,https://www.ebay.com/sch/i.html?_nkw=Bob's%20Red%20Mill%2C%20Pan-Baked%20Granola%2C%20Gluten%20Free%2C%20Cranberry%20Almond%2C%2011%20oz,https://www.google.com/search?q=Bob's%20Red%20Mill%2C%20Pan-Baked%20Granola%2C%20Gluten%20Free%2C%20Cranberry%20Almond%2C%2011%20oz,https://seller.walmart.com/catalog/add-items?search=698686463,N/A,no,no,no,4,3,1,88,OTCRx4U,wfs,$8.79,17,$8.79,$12.25,10,4.51,0.95,9.53 %,21.14 %,9.95,4.37,1,$8.96,N/A,$4.54,$3.45,0,$0.80,8.00%,$0.07,1,$0.21,$0.30 /lb,$0.21,$0.00,$0.00,$0.00,$0.00,0,$0.00,4.8,152,Pulling package information from B07S5PHCN8 via amazon.com,"8.98, 6.69, 2.83 in, 0.71 lbs",8.98,6.69,2.83,0.71,N/A,Computer
"05/27/2025, 11:55 PM PDT","05/28/2025, 02:55 AM EDT","05/28/2025, 01:55 AM CDT","05/27/2025, 11:55 PM PDT",Bob's Red Mill Petite French Green Lentils 24 oz,592484472,39978116864,N/A,N/A,Bob's,Grocery,Dry Beans & Legumes,N/A,N/A,039978116864,https://i5.walmartimages.com/seo/Bob-s-Red-Mill-Petite-French-Green-Lentils-24-oz_e4b72f6a-bce4-42fc-9ac7-da137f9021c9.99adcfe3313cafcebe276461307214aa.jpeg,,N/A,https://www.walmart.com/ip/592484472,6.12,https://www.amazon.com/dp/B084J5YGZJ,https://www.amazon.com/s?k=Bob's%20Red%20Mill%20Petite%20French%20Green%20Lentils%2024%20oz,https://www.ebay.com/sch/i.html?_nkw=Bob's%20Red%20Mill%20Petite%20French%20Green%20Lentils%2024%20oz,https://www.google.com/search?q=Bob's%20Red%20Mill%20Petite%20French%20Green%20Lentils%2024%20oz,https://seller.walmart.com/catalog/add-items?search=592484472,N/A,no,no,no,1,0,1,140,iHerb,mfn,$14.20,140,$14.20,$14.20,14.2,6.12,1.49,10.48 %,24.31 %,12.50,6.09,1,$12.75,200+ units sold this month on Amazon,$6.59,$4.95,0,$1.14,8.00%,$0.04,1,$0.46,$0.30 /lb,$0.46,$0.00,$0.00,$0.00,$0.00,0,$0.00,4.9,87,"Pulling package information from B084J5YGZJ via amazon.com,3 or less sellers","7.05, 5.67, 2.56 in, 1.54 lbs",7.05,5.67,2.56,1.54,N/A,Computer
"05/27/2025, 11:56 PM PDT","05/28/2025, 02:56 AM EDT","05/28/2025, 01:56 AM CDT","05/27/2025, 11:56 PM PDT","Bob's Red Mill Finely Ground Hazelnut Meal/Flour, 14 oz",235798637,39978017505,N/A,N/A,Bob's Red Mill,Grocery,Flours,N/A,N/A,039978017505,https://i5.walmartimages.com/seo/Bob-s-Red-Mill-Finely-Ground-Hazelnut-Meal-Flour-14-oz_7f2b6adc-8b2d-465c-be3b-07079ef54acf.7809ab833eab3e8ae55a31ba2cda6e86.jpeg,,N/A,https://www.walmart.com/ip/235798637,12.02,https://www.amazon.com/dp/B075X534C9,https://www.amazon.com/s?k=Bob's%20Red%20Mill%20Finely%20Ground%20Hazelnut%20Meal%2FFlour%2C%2014%20oz,https://www.ebay.com/sch/i.html?_nkw=Bob's%20Red%20Mill%20Finely%20Ground%20Hazelnut%20Meal%2FFlour%2C%2014%20oz,https://www.google.com/search?q=Bob's%20Red%20Mill%20Finely%20Ground%20Hazelnut%20Meal%2FFlour%2C%2014%20oz,https://seller.walmart.com/catalog/add-items?search=235798637,N/A,no,no,no,4,1,3,131,Blue Market,wfs,$21.99,78,$20.49,$25.85,21.99,12.02,1.4,6.35 %,11.61 %,20.25,10.73,1,$20.52,200+ units sold this month on Amazon,$8.57,$4.95,0,$3.30,15.00%,$0.06,1,$0.27,$0.30 /lb,$0.27,$0.00,$0.00,$0.00,$0.00,0,$0.00,4.8,82,Pulling package information from B075X534C9 via amazon.com,"6.73, 6.69, 2.87 in, 0.90 lbs",6.73,6.69,2.87,0.90,N/A,Computer
"05/27/2025, 11:58 PM PDT","05/28/2025, 02:58 AM EDT","05/28/2025, 01:58 AM CDT","05/27/2025, 11:58 PM PDT","Bob'S Red Mill Hemp Seeds Hulled, 8 Oz",386865057,39978025968,N/A,N/A,Bob's Red Mill,Grocery,Edible Seeds,N/A,N/A,039978025968,https://i5.walmartimages.com/seo/Bob-S-Red-Mill-Hemp-Seeds-Hulled-8-Oz_59884439-aec3-42b4-94fe-02b1dcc44583.63796428426f498048c4bee61819fca6.jpeg,,N/A,https://www.walmart.com/ip/386865057,7.41,https://www.amazon.com/dp/B075XDW2QX,https://www.amazon.com/s?k=Bob'S%20Red%20Mill%20Hemp%20Seeds%20Hulled%2C%208%20Oz,https://www.ebay.com/sch/i.html?_nkw=Bob'S%20Red%20Mill%20Hemp%20Seeds%20Hulled%2C%208%20Oz,https://www.google.com/search?q=Bob'S%20Red%20Mill%20Hemp%20Seeds%20Hulled%2C%208%20Oz,https://seller.walmart.com/catalog/add-items?search=386865057,N/A,no,no,no,3,0,3,10061,Swanson Health Products,mfn,$15.58,66,$15.58,$20.94,15.58,7.41,2.19,14.07 %,29.58 %,11.95,7.68,1,$12.50,100+ units sold this month on Amazon,$5.98,$3.45,0,$2.34,15.00%,$0.04,1,$0.15,$0.30 /lb,$0.15,$0.00,$0.00,$0.00,$0.00,0,$0.00,4.9,171,"Pulling package information from B075XDW2QX via amazon.com,3 or less sellers","7.44, 5.75, 2.05 in, 0.51 lbs",7.44,5.75,2.05,0.51,N/A,Computer
"05/27/2025, 11:59 PM PDT","05/28/2025, 02:59 AM EDT","05/28/2025, 01:59 AM CDT","05/27/2025, 11:59 PM PDT","Bob's Red Mill Gluten Free Large Flake Nutritional Yeast, 5 oz",208067427,39978025463,N/A,N/A,Bob's Red Mill,Grocery,Yeasts & Leaveners,N/A,N/A,IDXHG2215333,https://i5.walmartimages.com/seo/Bob-s-Red-Mill-Gluten-Free-Large-Flake-Nutritional-Yeast-5-oz_0f137325-7e7e-425f-84f2-0ce42082bb4b.b08caea38b38cd1eeed0c855d7dd3fb3.png,,N/A,https://www.walmart.com/ip/208067427,4.98,https://www.amazon.com/dp/B078X2GM29,https://www.amazon.com/s?k=Bob's%20Red%20Mill%20Gluten%20Free%20Large%20Flake%20Nutritional%20Yeast%2C%205%20oz,https://www.ebay.com/sch/i.html?_nkw=Bob's%20Red%20Mill%20Gluten%20Free%20Large%20Flake%20Nutritional%20Yeast%2C%205%20oz,https://www.google.com/search?q=Bob's%20Red%20Mill%20Gluten%20Free%20Large%20Flake%20Nutritional%20Yeast%2C%205%20oz,https://seller.walmart.com/catalog/add-items?search=208067427,"Reviewers highlighted: taste, quality",no,yes,no,12,6,6,11195,"SGDC, LLC",wfs,$9.20,45,$9.20,$21.34,10,4.98,0.63,6.27 %,12.59 %,0.00,4.49,1,$8.10,50+ units sold this month on Amazon,$4.39,$3.45,0,$0.80,8.00%,$0.04,1,$0.10,$0.30 /lb,$0.10,$0.00,$0.00,$0.00,$0.00,0,$0.00,4.8,273,Pulling package information from B078X2GM29 via amazon.com,"7.56, 5.87, 2.28 in, 0.33 lbs",7.56,5.87,2.28,0.33,N/A,Computer
"05/28/2025, 12:00 AM PDT","05/28/2025, 03:00 AM EDT","05/28/2025, 02:00 AM CDT","05/28/2025, 12:00 AM PDT","Bob's Red Mill, Hot Cereal, High Fiber, Oat Bran, 18 oz",217919439,39978041432,N/A,N/A,Bob's Red Mill,Grocery,Hot Cereal,N/A,N/A,1350S184,https://i5.walmartimages.com/seo/Bob-s-Red-Mill-Hot-Cereal-High-Fiber-Oat-Bran-18-oz_0beccbe9-cf99-4da0-a5c7-f90906b8f074.73ef41fbde9ff4023b49430d685941a2.jpeg,,N/A,https://www.walmart.com/ip/217919439,3.44,https://www.amazon.com/dp/B015PIEYR6,https://www.amazon.com/s?k=Bob's%20Red%20Mill%2C%20Hot%20Cereal%2C%20High%20Fiber%2C%20Oat%20Bran%2C%2018%20oz,https://www.ebay.com/sch/i.html?_nkw=Bob's%20Red%20Mill%2C%20Hot%20Cereal%2C%20High%20Fiber%2C%20Oat%20Bran%2C%2018%20oz,https://www.google.com/search?q=Bob's%20Red%20Mill%2C%20Hot%20Cereal%2C%20High%20Fiber%2C%20Oat%20Bran%2C%2018%20oz,https://seller.walmart.com/catalog/add-items?search=217919439,N/A,no,no,no,3,1,2,708,MIDE Distributors,wfs,$10.00,1,$9.87,$12.16,10,3.44,0.38,3.83 %,11.13 %,0.00,3.06,1,$9.87,300+ units sold this month on Amazon,$6.18,$4.95,0,$0.80,8.00%,$0.08,1,$0.35,$0.30 /lb,$0.35,$0.00,$0.00,$0.00,$0.00,0,$0.00,4.9,349,"Pulling package information from B015PIEYR6 via amazon.com,3 or less sellers","9.13, 6.69, 2.87 in, 1.17 lbs",9.13,6.69,2.87,1.17,N/A,Computer
"05/28/2025, 12:02 AM PDT","05/28/2025, 03:02 AM EDT","05/28/2025, 02:02 AM CDT","05/28/2025, 12:02 AM PDT","Bob’S Red Mill Organic Golden Flaxseed Meal, 32 Oz",918795581,39978059406,N/A,N/A,Bob's Red Mill,Grocery,Edible Seeds,N/A,N/A,0039978059406,https://i5.walmartimages.com/seo/Bob-S-Red-Mill-Organic-Golden-Flaxseed-Meal-32-Oz_9e3ba4b4-cc36-4e7e-a7a6-b157bb0dd52b.0a5d3ffea1e5b988c84ba86162f28ca5.jpeg,,N/A,https://www.walmart.com/ip/918795581,7.74,https://www.amazon.com/dp/B0719DVZVQ,https://www.amazon.com/s?k=Bob%E2%80%99S%20Red%20Mill%20Organic%20Golden%20Flaxseed%20Meal%2C%2032%20Oz,https://www.ebay.com/sch/i.html?_nkw=Bob%E2%80%99S%20Red%20Mill%20Organic%20Golden%20Flaxseed%20Meal%2C%2032%20Oz,https://www.google.com/search?q=Bob%E2%80%99S%20Red%20Mill%20Organic%20Golden%20Flaxseed%20Meal%2C%2032%20Oz,https://seller.walmart.com/catalog/add-items?search=918795581,N/A,no,no,no,3,1,2,533,Hollywood Traders,wfs,$16.78,120,$15.80,$16.78,16.78,7.74,0.26,1.58 %,3.42 %,16.40,6.40,1,$14.99,50+ units sold this month on Amazon,$8.78,$5.45,0,$2.52,15.00%,$0.13,1,$0.68,$0.30 /lb,$0.68,$0.00,$0.00,$0.00,$0.00,0,$0.00,4.9,295,"Pulling package information from B0719DVZVQ via amazon.com,3 or less sellers","10.08, 8.31, 3.58 in, 2.26 lbs",10.08,8.31,3.58,2.26,N/A,Computer
"05/28/2025, 12:04 AM PDT","05/28/2025, 03:04 AM EDT","05/28/2025, 02:04 AM CDT","05/28/2025, 12:04 AM PDT",Bob's Red Mill Organic Creamy Brown Rice Hot Cereal 24 oz Pkg,188421871,39978119735,N/A,N/A,Bob's Red Mill,Grocery,Hot Cereal,N/A,N/A,0039978119735,https://i5.walmartimages.com/seo/Bob-s-Red-Mill-Organic-Creamy-Brown-Rice-Hot-Cereal-24-oz-Pkg_5560a961-39a1-4251-a6f9-6618e01c3581.64ce32c6c44f084c1a9ae06fc802ca26.jpeg,,N/A,https://www.walmart.com/ip/188421871,5.31,https://www.amazon.com/dp/B084J66X7Z,https://www.amazon.com/s?k=Bob's%20Red%20Mill%20Organic%20Creamy%20Brown%20Rice%20Hot%20Cereal%2024%20oz%20Pkg,https://www.ebay.com/sch/i.html?_nkw=Bob's%20Red%20Mill%20Organic%20Creamy%20Brown%20Rice%20Hot%20Cereal%2024%20oz%20Pkg,https://www.google.com/search?q=Bob's%20Red%20Mill%20Organic%20Creamy%20Brown%20Rice%20Hot%20Cereal%2024%20oz%20Pkg,https://seller.walmart.com/catalog/add-items?search=188421871,N/A,yes,no,no,5,1,4,1367,Online Grocery Outlet,mfn,$12.77,980,$12.77,$24.89,12.77,5.31,0.98,7.67 %,18.44 %,11.60,5.03,1,$11.97,500+ units sold this month on Amazon,$6.48,$4.95,0,$1.02,8.00%,$0.06,1,$0.45,$0.30 /lb,$0.45,$0.00,$0.00,$0.00,$0.00,0,$0.00,4.9,156,Pulling package information from B084J66X7Z via amazon.com,"8.90, 6.85, 2.24 in, 1.50 lbs",8.90,6.85,2.24,1.50,N/A,Computer
"05/28/2025, 12:05 AM PDT","05/28/2025, 03:05 AM EDT","05/28/2025, 02:05 AM CDT","05/28/2025, 12:05 AM PDT",Bobs Red Mill Organic Whole Chia Seeds Gluten Free,137312565,39978008442,N/A,N/A,Bob's Red Mill,Grocery,Edible Seeds,N/A,N/A,Bob's Red Mill,https://i5.walmartimages.com/seo/Bobs-Red-Mill-Organic-Whole-Chia-Seeds-Gluten-Free_e1c2c0a9-e2b3-4046-bbe7-fcceebec74da.a5aa459a6ff38cf5f0066c193411a45c.jpeg,,N/A,https://www.walmart.com/ip/137312565,5.45,https://www.amazon.com/dp/B075XG1YR3,https://www.amazon.com/s?k=Bobs%20Red%20Mill%20Organic%20Whole%20Chia%20Seeds%20Gluten%20Free,https://www.ebay.com/sch/i.html?_nkw=Bobs%20Red%20Mill%20Organic%20Whole%20Chia%20Seeds%20Gluten%20Free,https://www.google.com/search?q=Bobs%20Red%20Mill%20Organic%20Whole%20Chia%20Seeds%20Gluten%20Free,https://seller.walmart.com/catalog/add-items?search=137312565,"Reviewers highlighted: quality, taste",no,no,no,16,11,5,10447,Deals Distribution 2024,wfs,$10.00,52,$10.00,$21.98,10,5.45,0.04,0.44 %,0.80 %,10.00,4.40,1,$9.99,800+ units sold this month on Amazon,$4.51,$3.45,0,$0.80,8.00%,$0.03,1,$0.22,$0.30 /lb,$0.22,$0.00,$0.00,$0.00,$0.00,0,$0.00,4.9,169,Pulling package information from B075XG1YR3 via amazon.com,"7.48, 5.83, 1.65 in, 0.75 lbs",7.48,5.83,1.65,0.75,N/A,Computer
"05/28/2025, 12:06 AM PDT","05/28/2025, 03:06 AM EDT","05/28/2025, 02:06 AM CDT","05/28/2025, 12:06 AM PDT","Bob's Red Mill Gluten Free, Organic Coconut Flour, 16 oz Bag",923996533,39978018151,N/A,N/A,Bob's Red Mill,Grocery,Flours,N/A,N/A,HG2163996,https://i5.walmartimages.com/seo/Bob-s-Red-Mill-Gluten-Free-Organic-Coconut-Flour-16-oz-Bag_42b9969e-cfec-42d3-9f34-97cbfeabdc88_1.b559a2c8377c541df19b5c015e9649bd.jpeg,,N/A,https://www.walmart.com/ip/923996533,4.48,https://www.amazon.com/dp/B07DDMZPL2,https://www.amazon.com/s?k=Bob's%20Red%20Mill%20Gluten%20Free%2C%20Organic%20Coconut%20Flour%2C%2016%20oz%20Bag,https://www.ebay.com/sch/i.html?_nkw=Bob's%20Red%20Mill%20Gluten%20Free%2C%20Organic%20Coconut%20Flour%2C%2016%20oz%20Bag,https://www.google.com/search?q=Bob's%20Red%20Mill%20Gluten%20Free%2C%20Organic%20Coconut%20Flour%2C%2016%20oz%20Bag,https://seller.walmart.com/catalog/add-items?search=923996533,N/A,no,no,no,8,5,3,256,OTCRx4U,wfs,$9.99,27,$9.99,$13.65,11.99,4.48,1.21,10.13 %,27.10 %,10.60,4.56,1,$11.30,1k+ units sold this month on Amazon,$6.30,$4.95,0,$0.96,8.00%,$0.07,1,$0.32,$0.30 /lb,$0.32,$0.00,$0.00,$0.00,$0.00,0,$0.00,4.8,120,Pulling package information from B07DDMZPL2 via amazon.com,"9.06, 6.34, 2.76 in, 1.06 lbs",9.06,6.34,2.76,1.06,N/A,Computer
"05/28/2025, 12:08 AM PDT","05/28/2025, 03:08 AM EDT","05/28/2025, 02:08 AM CDT","05/28/2025, 12:08 AM PDT","Bob’S Red Mill Organic Golden Flaxseed Meal, 16 oz",559168103,39978049407,N/A,N/A,Bob's Red Mill,Grocery,Flours,N/A,N/A,BRM04940,https://i5.walmartimages.com/seo/Bob-S-Red-Mill-Organic-Golden-Flaxseed-Meal-16-oz_5769808a-602e-4a01-ad31-00e3c89427a1.215a58dfb14f70f20008ee7465b869cb.jpeg,,N/A,https://www.walmart.com/ip/559168103,4.59,https://www.amazon.com/dp/B075XC6C69,https://www.amazon.com/s?k=Bob%E2%80%99S%20Red%20Mill%20Organic%20Golden%20Flaxseed%20Meal%2C%2016%20oz,https://www.ebay.com/sch/i.html?_nkw=Bob%E2%80%99S%20Red%20Mill%20Organic%20Golden%20Flaxseed%20Meal%2C%2016%20oz,https://www.google.com/search?q=Bob%E2%80%99S%20Red%20Mill%20Organic%20Golden%20Flaxseed%20Meal%2C%2016%20oz,https://seller.walmart.com/catalog/add-items?search=559168103,N/A,no,no,no,4,2,2,228,MIDE Distributors,wfs,$11.98,3,$11.49,$12.99,11.98,4.59,1.12,9.39 %,24.50 %,10.65,4.57,1,$9.99,50+ units sold this month on Amazon,$6.27,$4.95,0,$0.96,8.00%,$0.05,1,$0.30,$0.30 /lb,$0.30,$0.00,$0.00,$0.00,$0.00,0,$0.00,4.9,193,Pulling package information from B075XC6C69 via amazon.com,"7.87, 6.69, 2.36 in, 1.01 lbs",7.87,6.69,2.36,1.01,N/A,Computer
"05/28/2025, 12:09 AM PDT","05/28/2025, 03:09 AM EDT","05/28/2025, 02:09 AM CDT","05/28/2025, 12:09 AM PDT",Bob's Red Mill Organic High Fiber Oat Bran Hot Cereal 18 oz Pkg,864924422,39978019554,N/A,N/A,Bob's Red Mill,Grocery,Hot Cereal,N/A,N/A,6051S184,https://i5.walmartimages.com/seo/Bob-s-Red-Mill-Organic-High-Fiber-Oat-Bran-Hot-Cereal-18-oz-Pkg_04ed00b0-97a0-4afb-b295-81318655940f.0399c9a3bcb80142216e6e17d8c8b1d9.jpeg,,N/A,https://www.walmart.com/ip/864924422,4.66,https://www.amazon.com/dp/B07BRJYKN7,https://www.amazon.com/s?k=Bob's%20Red%20Mill%20Organic%20High%20Fiber%20Oat%20Bran%20Hot%20Cereal%2018%20oz%20Pkg,https://www.ebay.com/sch/i.html?_nkw=Bob's%20Red%20Mill%20Organic%20High%20Fiber%20Oat%20Bran%20Hot%20Cereal%2018%20oz%20Pkg,https://www.google.com/search?q=Bob's%20Red%20Mill%20Organic%20High%20Fiber%20Oat%20Bran%20Hot%20Cereal%2018%20oz%20Pkg,https://seller.walmart.com/catalog/add-items?search=864924422,N/A,no,yes,no,6,4,2,513,Aricomp,wfs,$12.49,38,$11.97,$13.43,12.49,4.66,1.46,11.73 %,31.43 %,10.80,4.90,1,$11.07,1k+ units sold this month on Amazon,$6.37,$4.95,0,$1.00,8.00%,$0.07,1,$0.34,$0.30 /lb,$0.34,$0.00,$0.00,$0.00,$0.00,0,$0.00,4.9,150,Pulling package information from B07BRJYKN7 via amazon.com,"8.94, 6.73, 2.72 in, 1.15 lbs",8.94,6.73,2.72,1.15,N/A,Computer
"05/28/2025, 12:10 AM PDT","05/28/2025, 03:10 AM EDT","05/28/2025, 02:10 AM CDT","05/28/2025, 12:10 AM PDT","Bob’S Red Mill Pumpkin Seeds , 12 Oz",284353557,39978034328,N/A,N/A,Bob's Red Mill,Grocery,Edible Seeds,N/A,N/A,BRM03432,https://i5.walmartimages.com/seo/Bob-S-Red-Mill-Pumpkin-Seeds-12-Oz_393d8be7-a175-4aa6-a862-990ee425d92c.a340bbcf1095f1d01f44b5b8ac700cd9.jpeg,,N/A,https://www.walmart.com/ip/284353557,5.47,https://www.amazon.com/dp/B075XDS3NT,https://www.amazon.com/s?k=Bob%E2%80%99S%20Red%20Mill%20Pumpkin%20Seeds%20%2C%2012%20Oz,https://www.ebay.com/sch/i.html?_nkw=Bob%E2%80%99S%20Red%20Mill%20Pumpkin%20Seeds%20%2C%2012%20Oz,https://www.google.com/search?q=Bob%E2%80%99S%20Red%20Mill%20Pumpkin%20Seeds%20%2C%2012%20Oz,https://seller.walmart.com/catalog/add-items?search=284353557,N/A,no,no,no,8,4,4,12612,Hollywood Traders,wfs,$12.71,122,$12.71,$21.84,12.71,5.47,2.52,19.79 %,45.99 %,10.00,6.39,1,$11.73,200+ units sold this month on Amazon,$4.72,$3.45,0,$1.02,8.00%,$0.03,1,$0.22,$0.30 /lb,$0.22,$0.00,$0.00,$0.00,$0.00,0,$0.00,4.9,322,Pulling package information from B075XDS3NT via amazon.com,"7.24, 5.63, 1.85 in, 0.75 lbs",7.24,5.63,1.85,0.75,N/A,Computer
"05/28/2025, 12:11 AM PDT","05/28/2025, 03:11 AM EDT","05/28/2025, 02:11 AM CDT","05/28/2025, 12:11 AM PDT","Bob's Red Mill Organic Quinoa Flour, 18 oz",352840743,39978033208,N/A,N/A,Bob's Red Mill,Grocery,Flours,N/A,N/A,BRM03320,https://i5.walmartimages.com/seo/Bob-s-Red-Mill-Organic-Quinoa-Flour-18-oz_e3acad09-a16e-4e45-b0f7-a9ae7942c991.0c56ace9954049a8176871a60b83b3b2.jpeg,,N/A,https://www.walmart.com/ip/352840743,8.82,https://www.amazon.com/dp/B07FNTZLYT,https://www.amazon.com/s?k=Bob's%20Red%20Mill%20Organic%20Quinoa%20Flour%2C%2018%20oz,https://www.ebay.com/sch/i.html?_nkw=Bob's%20Red%20Mill%20Organic%20Quinoa%20Flour%2C%2018%20oz,https://www.google.com/search?q=Bob's%20Red%20Mill%20Organic%20Quinoa%20Flour%2C%2018%20oz,https://seller.walmart.com/catalog/add-items?search=352840743,N/A,no,no,no,5,2,3,91,Deals Distribution 2024,wfs,$17.00,13,$17.00,$24.00,17,8.82,0.27,1.58 %,3.05 %,16.60,7.27,1,$16.62,100+ units sold this month on Amazon,$7.91,$4.95,0,$2.55,15.00%,$0.06,1,$0.35,$0.30 /lb,$0.35,$0.00,$0.00,$0.00,$0.00,0,$0.00,4.7,42,Pulling package information from B07FNTZLYT via amazon.com,"8.50, 6.46, 2.52 in, 1.17 lbs",8.50,6.46,2.52,1.17,N/A,Computer
"05/28/2025, 12:13 AM PDT","05/28/2025, 03:13 AM EDT","05/28/2025, 02:13 AM CDT","05/28/2025, 12:13 AM PDT",Bob's Red Mill Buckwheat Pancake & Waffle Mix 24 oz Pkg,385681498,39978018816,N/A,N/A,Bob's Red Mill,Grocery,Baking Mixes,N/A,N/A,039978018816,https://i5.walmartimages.com/seo/Bob-s-Red-Mill-Buckwheat-Pancake-Waffle-Mix-24-oz-Pkg_b3651aa6-e0d0-4656-bcb5-e8669931e426.49dccf8bbe3a7ee692e6f840c477bba1.jpeg,,N/A,https://www.walmart.com/ip/385681498,4.09,https://www.amazon.com/dp/B07Q5BZ54R,https://www.amazon.com/s?k=Bob's%20Red%20Mill%20Buckwheat%20Pancake%20%26%20Waffle%20Mix%2024%20oz%20Pkg,https://www.ebay.com/sch/i.html?_nkw=Bob's%20Red%20Mill%20Buckwheat%20Pancake%20%26%20Waffle%20Mix%2024%20oz%20Pkg,https://www.google.com/search?q=Bob's%20Red%20Mill%20Buckwheat%20Pancake%20%26%20Waffle%20Mix%2024%20oz%20Pkg,https://seller.walmart.com/catalog/add-items?search=385681498,N/A,no,no,no,6,4,2,276,Aricomp,wfs,$11.95,11,$10.74,$12.00,11.95,4.09,1.44,12.06 %,35.22 %,10.30,4.42,1,$10.74,600+ units sold this month on Amazon,$6.42,$4.95,0,$0.96,8.00%,$0.06,1,$0.45,$0.30 /lb,$0.45,$0.00,$0.00,$0.00,$0.00,0,$0.00,4.6,110,Pulling package information from B07Q5BZ54R via amazon.com,"9.06, 6.50, 2.48 in, 1.50 lbs",9.06,6.50,2.48,1.50,N/A,Computer
"05/28/2025, 12:14 AM PDT","05/28/2025, 03:14 AM EDT","05/28/2025, 02:14 AM CDT","05/28/2025, 12:14 AM PDT","Bob's Red Mill Bar, Peanut Butter Chocolate & Oats, 1.76 oz",446566939,39978039026,N/A,N/A,Bob's Red Mill,Grocery,Snack Bars,N/A,N/A,2369460,https://i5.walmartimages.com/seo/Bob-s-Red-Mill-Bar-Peanut-Butter-Chocolate-Oats-1-76-oz_cf3abae6-278a-4c99-8fa8-1f44b2f977dd.fcfe8dd0df2b232bf6571d85ca14fddd.jpeg,,N/A,https://www.walmart.com/ip/446566939,1.27,https://www.amazon.com/dp/B07M9SVX9B,https://www.amazon.com/s?k=Bob's%20Red%20Mill%20Bar%2C%20Peanut%20Butter%20Chocolate%20%26%20Oats%2C%201.76%20oz,https://www.ebay.com/sch/i.html?_nkw=Bob's%20Red%20Mill%20Bar%2C%20Peanut%20Butter%20Chocolate%20%26%20Oats%2C%201.76%20oz,https://www.google.com/search?q=Bob's%20Red%20Mill%20Bar%2C%20Peanut%20Butter%20Chocolate%20%26%20Oats%2C%201.76%20oz,https://seller.walmart.com/catalog/add-items?search=446566939,N/A,yes,no,no,3,1,2,32,Deals Distribution 2024,wfs,$6.98,12,$6.98,$6.98,6.98,1.27,0.66,9.45 %,51.96 %,6.20,1.54,1,$3.87,N/A,$5.05,$3.45,0,$0.56,8.00%,$0.01,1,$1.03,$0.30 /lb,$0.03,$0.00,$0.00,$0.00,$0.00,0,$0.00,4.4,67,"Pulling package information from B07M9SVX9B via amazon.com,3 or less sellers","5.55, 4.57, 0.79 in, 0.11 lbs",5.55,4.57,0.79,0.11,N/A,Computer
"05/28/2025, 12:16 AM PDT","05/28/2025, 03:16 AM EDT","05/28/2025, 02:16 AM CDT","05/28/2025, 12:16 AM PDT",Bob's Red Mill - Bar Pnutb Jelly Ots - Case Of 12 - 1.76 Oz,718546944,39978019028,N/A,N/A,Bob's Red Mill,Grocery,Snack Bars,N/A,N/A,NF2369478,https://i5.walmartimages.com/seo/Bob-s-Red-Mill-Bar-Pnutb-Jelly-Ots-Case-Of-12-1-76-Oz_6d5411d3-1c9b-4485-9366-7a3a172c2fbe.03896d255fb744ee3862eca94b9cff9c.jpeg,,N/A,https://www.walmart.com/ip/718546944,1.27,https://www.amazon.com/dp/B07M9SVHS9,https://www.amazon.com/s?k=Bob's%20Red%20Mill%20-%20Bar%20Pnutb%20Jelly%20Ots%20-%20Case%20Of%2012%20-%201.76%20Oz,https://www.ebay.com/sch/i.html?_nkw=Bob's%20Red%20Mill%20-%20Bar%20Pnutb%20Jelly%20Ots%20-%20Case%20Of%2012%20-%201.76%20Oz,https://www.google.com/search?q=Bob's%20Red%20Mill%20-%20Bar%20Pnutb%20Jelly%20Ots%20-%20Case%20Of%2012%20-%201.76%20Oz,https://seller.walmart.com/catalog/add-items?search=718546944,N/A,no,no,no,2,0,2,10002,BlueSky Creations LLC,mfn,$7.48,3,$7.48,$36.70,7.48,1.27,1.12,15.00 %,88.33 %,6.20,1.91,1,$3.02,N/A,$5.09,$3.45,0,$0.60,8.00%,$0.01,1,$1.03,$0.30 /lb,$0.03,$0.00,$0.00,$0.00,$0.00,0,$0.00,4.1,33,"Pulling package information from B07M9SVHS9 via amazon.com,3 or less sellers","5.98, 4.13, 0.63 in, 0.11 lbs",5.98,4.13,0.63,0.11,N/A,Computer
"05/28/2025, 12:17 AM PDT","05/28/2025, 03:17 AM EDT","05/28/2025, 02:17 AM CDT","05/28/2025, 12:17 AM PDT",Bobs Red Mill B02507 11 oz Home Style Peanut Butter Granola&#44; Pack of 6,759831449,39978002860,Other Flavor,3,Bob's Red Mill,Grocery,Granola,N/A,N/A,N/A,https://i5.walmartimages.com/seo/Bobs-Red-Mill-B02507-11-oz-Home-Style-Peanut-Butter-Granola-44-Pack-of-6_7d399f70-a0e3-40a7-9212-a170f0cb5797.9aa17b79766b5fcb4593c5cf67b77227.jpeg,,N/A,https://www.walmart.com/ip/759831449,27.06,https://www.amazon.com/dp/B0BLTHQGND,https://www.amazon.com/s?k=Bobs%20Red%20Mill%20B02507%2011%20oz%20Home%20Style%20Peanut%20Butter%20Granola%26%2344%3B%20Pack%20of%206,https://www.ebay.com/sch/i.html?_nkw=Bobs%20Red%20Mill%20B02507%2011%20oz%20Home%20Style%20Peanut%20Butter%20Granola%26%2344%3B%20Pack%20of%206,https://www.google.com/search?q=Bobs%20Red%20Mill%20B02507%2011%20oz%20Home%20Style%20Peanut%20Butter%20Granola%26%2344%3B%20Pack%20of%206,https://seller.walmart.com/catalog/add-items?search=759831449,N/A,no,no,no,2,1,1,6,Better Pharma,wfs,$46.81,1,$46.81,$48.89,46.81,27.06,8.98,19.18 %,33.18 %,36.15,28.83,1,$11.04,N/A,$10.77,$3.45,0,$7.02,15.00%,$0.09,1,$0.21,$0.30 /lb,$0.21,$0.00,$0.00,$0.00,$0.00,0,$0.00,4.5,81,"The listing has 3 variations,Pulling package information from B0BLTHQGND via amazon.com,3 or less sellers","8.94, 6.65, 3.35 in, 0.71 lbs",8.94,6.65,3.35,0.71,N/A,Computer
"05/28/2025, 12:19 AM PDT","05/28/2025, 03:19 AM EDT","05/28/2025, 02:19 AM CDT","05/28/2025, 12:19 AM PDT",Bob's Red Mill Gluten Free Potato Starch 22 oz,163026210,39978025258,N/A,N/A,Bob's,Grocery,Flours,N/A,N/A,BRM02525,https://i5.walmartimages.com/seo/Bob-s-Red-Mill-Gluten-Free-Potato-Starch-22-oz_76b74fe9-a175-465d-a586-386235ca8c25.d7f0a21257af14862a132bd27d4fc514.jpeg,,N/A,https://www.walmart.com/ip/163026210,4.03,https://www.amazon.com/dp/B078TQ6GBW,https://www.amazon.com/s?k=Bob's%20Red%20Mill%20Gluten%20Free%20Potato%20Starch%2022%20oz,https://www.ebay.com/sch/i.html?_nkw=Bob's%20Red%20Mill%20Gluten%20Free%20Potato%20Starch%2022%20oz,https://www.google.com/search?q=Bob's%20Red%20Mill%20Gluten%20Free%20Potato%20Starch%2022%20oz,https://seller.walmart.com/catalog/add-items?search=163026210,N/A,no,no,no,7,0,7,10410,WF Market,mfn,$10.87,7,$10.68,$17.15,10.87,4.03,0.54,5.00 %,13.48 %,10.20,3.66,1,$9.39,900+ units sold this month on Amazon,$6.30,$4.95,0,$0.87,8.00%,$0.06,1,$0.42,$0.30 /lb,$0.42,$0.00,$0.00,$0.00,$0.00,0,$0.00,4.9,181,Pulling package information from B078TQ6GBW via amazon.com,"9.17, 6.85, 2.20 in, 1.39 lbs",9.17,6.85,2.20,1.39,N/A,Computer
"05/28/2025, 12:20 AM PDT","05/28/2025, 03:20 AM EDT","05/28/2025, 02:20 AM CDT","05/28/2025, 12:20 AM PDT",Bob's Red Mill Red Lentils 27 oz Pkg,432483223,39978114358,N/A,N/A,Bob's Red Mill,Grocery,Dry Beans & Legumes,N/A,N/A,BRM11435,https://i5.walmartimages.com/seo/Bob-s-Red-Mill-Red-Lentils-27-oz-Pkg_81226f62-96b7-4f79-870d-cca108fa4774.a8c1113f1b8f392bc989b5436b8cfff9.png,,N/A,https://www.walmart.com/ip/432483223,5.54,https://www.amazon.com/dp/B089Z9CV9N,https://www.amazon.com/s?k=Bob's%20Red%20Mill%20Red%20Lentils%2027%20oz%20Pkg,https://www.ebay.com/sch/i.html?_nkw=Bob's%20Red%20Mill%20Red%20Lentils%2027%20oz%20Pkg,https://www.google.com/search?q=Bob's%20Red%20Mill%20Red%20Lentils%2027%20oz%20Pkg,https://seller.walmart.com/catalog/add-items?search=432483223,N/A,no,no,no,4,0,4,186,iHerb,mfn,$13.06,126,$13.06,$19.44,13.99,5.54,1.83,13.05 %,32.95 %,11.90,5.89,1,$12.02,50+ units sold this month on Amazon,$6.62,$4.95,0,$1.12,8.00%,$0.04,1,$0.52,$0.30 /lb,$0.52,$0.00,$0.00,$0.00,$0.00,0,$0.00,4.9,126,Pulling package information from B089Z9CV9N via amazon.com,"8.86, 6.34, 1.61 in, 1.72 lbs",8.86,6.34,1.61,1.72,N/A,Computer
"05/28/2025, 12:21 AM PDT","05/28/2025, 03:21 AM EDT","05/28/2025, 02:21 AM CDT","05/28/2025, 12:21 AM PDT","Bob's Red Mill Shredded Coconut (Unsweetened), 12-ounce",338814308,39978025784,N/A,N/A,Bob's Red Mill,Grocery,Coconut Flakes,N/A,N/A,1135S12,https://i5.walmartimages.com/seo/Bob-s-Red-Mill-Shredded-Coconut-Unsweetened-12-ounce_4f909b14-f4bf-4a22-b0d2-3e509ec13885.c1a5d5b9fd10fb5a83c399276363bb99.png,,N/A,https://www.walmart.com/ip/338814308,3.61,https://www.amazon.com/dp/B078SLF6ZB,https://www.amazon.com/s?k=Bob's%20Red%20Mill%20Shredded%20Coconut%20(Unsweetened)%2C%2012-ounce,https://www.ebay.com/sch/i.html?_nkw=Bob's%20Red%20Mill%20Shredded%20Coconut%20(Unsweetened)%2C%2012-ounce,https://www.google.com/search?q=Bob's%20Red%20Mill%20Shredded%20Coconut%20(Unsweetened)%2C%2012-ounce,https://seller.walmart.com/catalog/add-items?search=338814308,"Reviewers highlighted: taste, texture, quality",no,no,no,4,1,3,155,Daphns Wall,wfs,$10.30,40,$10.30,$15.08,10.3,3.61,0.62,6.03 %,17.20 %,0.00,3.38,1,$8.49,2k+ units sold this month on Amazon,$6.07,$4.95,0,$0.82,8.00%,$0.05,1,$0.25,$0.30 /lb,$0.25,$0.00,$0.00,$0.00,$0.00,0,$0.00,4.9,131,Pulling package information from B078SLF6ZB via amazon.com,"8.54, 6.61, 2.01 in, 0.82 lbs",8.54,6.61,2.01,0.82,N/A,Computer
"05/28/2025, 12:23 AM PDT","05/28/2025, 03:23 AM EDT","05/28/2025, 02:23 AM CDT","05/28/2025, 12:23 AM PDT",Bob's Red Mill Small Pearl Tapioca 24 oz Pkg,540722046,39978115379,N/A,N/A,Bob's Red Mill,Grocery,Cornstarch & Cooking Thickeners,N/A,N/A,BRM11537,https://i5.walmartimages.com/seo/Bob-s-Red-Mill-Small-Pearl-Tapioca-24-oz-Pkg_91c6d43d-5dce-416a-998a-0167a0a913ee.bdb726a9d4a289874244bbf3e192e0a0.jpeg,,N/A,https://www.walmart.com/ip/540722046,6.08,https://www.amazon.com/dp/B011575QL4,https://www.amazon.com/s?k=Bob's%20Red%20Mill%20Small%20Pearl%20Tapioca%2024%20oz%20Pkg,https://www.ebay.com/sch/i.html?_nkw=Bob's%20Red%20Mill%20Small%20Pearl%20Tapioca%2024%20oz%20Pkg,https://www.google.com/search?q=Bob's%20Red%20Mill%20Small%20Pearl%20Tapioca%2024%20oz%20Pkg,https://seller.walmart.com/catalog/add-items?search=540722046,"Reviewers highlighted: taste, texture, for pudding",no,yes,no,3,1,2,360,Blue Market,wfs,$13.22,80,$11.87,$13.22,13.22,6.08,0.01,0.11 %,0.23 %,13.10,4.88,1,$7.72,1k+ units sold this month on Amazon,$7.13,$5.45,0,$1.06,8.00%,$0.16,1,$0.46,$0.30 /lb,$0.46,$0.00,$0.00,$0.00,$0.00,0,$0.00,4.7,211,"Pulling package information from B011575QL4 via amazon.com,3 or less sellers","13.15, 8.07, 3.39 in, 1.54 lbs",13.15,8.07,3.39,1.54,N/A,Computer
"05/28/2025, 12:24 AM PDT","05/28/2025, 03:24 AM EDT","05/28/2025, 02:24 AM CDT","05/28/2025, 12:24 AM PDT",Bob's Red Mill Organic Whole Grain Tri-Color Quinoa 13 oz Pkg,359912322,39978019462,N/A,N/A,Bob's Red Mill,Grocery,Grains,N/A,N/A,BRM01946,https://i5.walmartimages.com/seo/Bob-s-Red-Mill-Organic-Whole-Grain-Tri-Color-Quinoa-13-oz-Pkg_b8ba73cd-5f2c-4350-94e2-7eab70d431d9.060f103ba4902ca64f2468b22ae26095.jpeg,,N/A,https://www.walmart.com/ip/359912322,5.04,https://www.amazon.com/dp/B07NF8JRMC,https://www.amazon.com/s?k=Bob's%20Red%20Mill%20Organic%20Whole%20Grain%20Tri-Color%20Quinoa%2013%20oz%20Pkg,https://www.ebay.com/sch/i.html?_nkw=Bob's%20Red%20Mill%20Organic%20Whole%20Grain%20Tri-Color%20Quinoa%2013%20oz%20Pkg,https://www.google.com/search?q=Bob's%20Red%20Mill%20Organic%20Whole%20Grain%20Tri-Color%20Quinoa%2013%20oz%20Pkg,https://seller.walmart.com/catalog/add-items?search=359912322,N/A,no,no,no,8,4,4,411,Daphns Wall,wfs,$11.93,21,$11.93,$17.73,11.93,5.04,0.72,6.01 %,14.24 %,11.05,4.61,1,$10.89,50+ units sold this month on Amazon,$6.17,$4.95,0,$0.95,8.00%,$0.02,1,$0.25,$0.30 /lb,$0.25,$0.00,$0.00,$0.00,$0.00,0,$0.00,4.6,152,Pulling package information from B07NF8JRMC via amazon.com,"6.22, 5.31, 1.54 in, 0.82 lbs",6.22,5.31,1.54,0.82,N/A,Computer
"05/28/2025, 12:25 AM PDT","05/28/2025, 03:25 AM EDT","05/28/2025, 02:25 AM CDT","05/28/2025, 12:25 AM PDT",Bob's Red Mill Unbleached White All-Purpose Baking Flour - 5 lb - Case of 4,32573786,39978533012,N/A,N/A,Bob's Red Mill,Grocery,Flours,N/A,N/A,039978533012,https://i5.walmartimages.com/seo/Bob-s-Red-Mill-Unbleached-White-All-Purpose-Baking-Flour-5-lb-Case-of-4_958384a0-afb2-4d55-9549-2273ecffd260.bfd4856e08ad02ca8c2e211cfd02182f.jpeg,,N/A,https://www.walmart.com/ip/32573786,5.72,https://www.amazon.com/dp/B00FBO1HNY,https://www.amazon.com/s?k=Bob's%20Red%20Mill%20Unbleached%20White%20All-Purpose%20Baking%20Flour%20-%205%20lb%20-%20Case%20of%204,https://www.ebay.com/sch/i.html?_nkw=Bob's%20Red%20Mill%20Unbleached%20White%20All-Purpose%20Baking%20Flour%20-%205%20lb%20-%20Case%20of%204,https://www.google.com/search?q=Bob's%20Red%20Mill%20Unbleached%20White%20All-Purpose%20Baking%20Flour%20-%205%20lb%20-%20Case%20of%204,https://seller.walmart.com/catalog/add-items?search=32573786,N/A,no,no,no,4,1,3,10094,Think Gourmet,wfs,$33.99,20,$33.99,$54.17,33.99,5.72,0.51,1.50 %,8.90 %,33.30,4.98,1,OOS,N/A,$27.76,$15.95,0,$5.10,15.00%,$0.43,1,$6.28,$0.30 /lb,$6.28,$0.00,$0.00,$0.00,$0.00,0,$0.00,4.8,1380,"For better accuracy, we’ve used dimensions from B004VLVI1O to provide more precise estimates","16.81, 8.82, 6.69 in, 20.94 lbs",16.81,8.82,6.69,20.94,N/A,Computer
"05/28/2025, 12:25 AM PDT","05/28/2025, 03:25 AM EDT","05/28/2025, 02:25 AM CDT","05/28/2025, 12:25 AM PDT","Bob's Red Mill Vegi Soup Mix, 28 oz (794 g)",894444815,39978122506,N/A,N/A,Bob's Red Mill,Grocery,Prepared & Packaged Soups,N/A,BRM12250,BRM12250,https://i5.walmartimages.com/seo/Bobs-Red-Mill-28-oz-Vegetable-Soup-Mix_195481df-c8e5-4eaa-86d5-dd34555bd77e.6659409c639edb24f18b81928b9164b0.jpeg,,N/A,https://www.walmart.com/ip/894444815,4.52,https://www.amazon.com/dp/B083X4RNNB,https://www.amazon.com/s?k=Bob's%20Red%20Mill%20Vegi%20Soup%20Mix%2C%2028%20oz%20(794%20g),https://www.ebay.com/sch/i.html?_nkw=Bob's%20Red%20Mill%20Vegi%20Soup%20Mix%2C%2028%20oz%20(794%20g),https://www.google.com/search?q=Bob's%20Red%20Mill%20Vegi%20Soup%20Mix%2C%2028%20oz%20(794%20g),https://seller.walmart.com/catalog/add-items?search=894444815,N/A,no,no,no,1,0,1,36,iHerb,mfn,$11.26,36,$11.26,$11.26,11.26,4.52,2.27,20.20 %,50.31 %,9.80,5.44,1,$5.45,200+ units sold this month on Amazon,$4.47,$3.45,0,$0.90,8.00%,$0.08,1,$0.03,$0.30 /lb,$0.03,$0.00,$0.00,$0.00,$0.00,0,$0.00,4.9,201,3 or less sellers,"3.00, 7.00, 9.00 in, 0.11 lbs",3.00,7.00,9.00,0.11,N/A,Computer
"05/28/2025, 12:26 AM PDT","05/28/2025, 03:26 AM EDT","05/28/2025, 02:26 AM CDT","05/28/2025, 12:26 AM PDT",Bob's Red Mill High Fiber Wheat Bran 16 oz Pkg,455682698,39978113214,N/A,N/A,Bob's Red Mill,Grocery,Grains,N/A,N/A,039978113214,https://i5.walmartimages.com/seo/Bob-s-Red-Mill-High-Fiber-Wheat-Bran-16-oz-Pkg_a11056c2-d60b-406e-88a7-682d3b35d46f.26ce9cac727bd5088e7b4e19460813c0.jpeg,,N/A,https://www.walmart.com/ip/455682698,2.44,https://www.amazon.com/dp/B083X4G99C,https://www.amazon.com/s?k=Bob's%20Red%20Mill%20High%20Fiber%20Wheat%20Bran%2016%20oz%20Pkg,https://www.ebay.com/sch/i.html?_nkw=Bob's%20Red%20Mill%20High%20Fiber%20Wheat%20Bran%2016%20oz%20Pkg,https://www.google.com/search?q=Bob's%20Red%20Mill%20High%20Fiber%20Wheat%20Bran%2016%20oz%20Pkg,https://seller.walmart.com/catalog/add-items?search=455682698,"Reviewers highlighted: taste, quality, texture",no,no,no,9,5,4,1032,Fletho,wfs,$9.09,347,$8.95,$11.50,10,2.44,0.89,8.89 %,36.42 %,0.00,2.66,1,$9.09,1k+ units sold this month on Amazon,$6.67,$5.45,0,$0.80,8.00%,$0.11,1,$0.31,$0.30 /lb,$0.31,$0.00,$0.00,$0.00,$0.00,0,$0.00,4.9,298,Pulling package information from B083X4G99C via amazon.com,"10.24, 8.78, 2.80 in, 1.04 lbs",10.24,8.78,2.80,1.04,N/A,Computer
"05/28/2025, 12:27 AM PDT","05/28/2025, 03:27 AM EDT","05/28/2025, 02:27 AM CDT","05/28/2025, 12:27 AM PDT","Bob's Red Mill Wheat Bran, 8 oz",870327433,39978123213,N/A,N/A,Bob's Red Mill,Grocery,Granola,N/A,N/A,NF2533040,https://i5.walmartimages.com/seo/Bob-s-Red-Mill-Wheat-Bran-8-oz_376fde95-6b41-44a6-8b1f-58426a138377.9f77d7ffc76419a64ace14184320229c.jpeg,,N/A,https://www.walmart.com/ip/870327433,1.61,https://www.amazon.com/dp/B007PVAHGE,https://www.amazon.com/s?k=Bob's%20Red%20Mill%20Wheat%20Bran%2C%208%20oz,https://www.ebay.com/sch/i.html?_nkw=Bob's%20Red%20Mill%20Wheat%20Bran%2C%208%20oz,https://www.google.com/search?q=Bob's%20Red%20Mill%20Wheat%20Bran%2C%208%20oz,https://seller.walmart.com/catalog/add-items?search=870327433,N/A,no,no,no,8,3,5,254,Equivista Ventures,wfs,$8.50,56,$7.37,$10.00,8,1.61,1.09,13.63 %,67.73 %,6.75,2.16,1,$6.49,400+ units sold this month on Amazon,$5.30,$3.45,0,$0.64,8.00%,$0.05,1,$1.16,$0.30 /lb,$0.16,$0.00,$0.00,$0.00,$0.00,0,$0.00,4.9,265,Pulling package information from B007PVAHGE via amazon.com,"9.21, 6.69, 1.89 in, 0.53 lbs",9.21,6.69,1.89,0.53,N/A,Computer
"05/28/2025, 12:43 AM PDT","05/28/2025, 03:43 AM EDT","05/28/2025, 02:43 AM CDT","05/28/2025, 12:43 AM PDT","Bobo'S Oat Bars All Natural Chocolate, 3 oz",29914326,829262000074,N/A,N/A,Bobo's,Grocery,Snack Bars,N/A,N/A,0182469,https://i5.walmartimages.com/seo/Bobo-S-Oat-Bars-All-Natural-Chocolate-3-oz_b292dabe-7f75-46dd-a847-05339ffc5c41.388c588b56606043fab93fdd4f602fe0.jpeg,,N/A,https://www.walmart.com/ip/29914326,2.34,https://www.amazon.com/dp/B015RGQBV8,https://www.amazon.com/s?k=Bobo'S%20Oat%20Bars%20All%20Natural%20Chocolate%2C%203%20oz,https://www.ebay.com/sch/i.html?_nkw=Bobo'S%20Oat%20Bars%20All%20Natural%20Chocolate%2C%203%20oz,https://www.google.com/search?q=Bobo'S%20Oat%20Bars%20All%20Natural%20Chocolate%2C%203%20oz,https://seller.walmart.com/catalog/add-items?search=29914326,N/A,no,no,no,4,1,3,186,Hidden Gems LLC,wfs,$7.99,15,$7.99,$51.17,7.99,2.34,0.49,6.09 %,20.80 %,7.40,2.26,1,OOS,600+ units sold this month on Amazon,$5.16,$3.45,0,$0.64,8.00%,$0.01,1,$1.07,$0.30 /lb,$0.07,$0.00,$0.00,$0.00,$0.00,0,$0.00,4.8,252,Pulling package information from B015RGQBV8 via amazon.com,"6.22, 2.72, 1.10 in, 0.22 lbs",6.22,2.72,1.10,0.22,N/A,Computer
"05/28/2025, 12:52 AM PDT","05/28/2025, 03:52 AM EDT","05/28/2025, 02:52 AM CDT","05/28/2025, 12:52 AM PDT",Bob's Red Mill Honey Oat Granola 12 oz,30995541,39978002853,N/A,N/A,Bob's Red Mill,Grocery,Granola,N/A,N/A,1278S124,https://i5.walmartimages.com/seo/Bob-s-Red-Mill-Honey-Oat-Granola-12-oz_a7eeaf68-681f-4f17-8543-73c28c4e54e9.8ad7dd29b700279d0d847b5d3bc218b4.png,,N/A,https://www.walmart.com/ip/30995541,3.43,https://www.amazon.com/dp/B005ZHP0GM,https://www.amazon.com/s?k=Bob's%20Red%20Mill%20Honey%20Oat%20Granola%2012%20oz,https://www.ebay.com/sch/i.html?_nkw=Bob's%20Red%20Mill%20Honey%20Oat%20Granola%2012%20oz,https://www.google.com/search?q=Bob's%20Red%20Mill%20Honey%20Oat%20Granola%2012%20oz,https://seller.walmart.com/catalog/add-items?search=30995541,N/A,no,yes,no,6,3,3,10181,VL Store,wfs,$10.00,21,$9.99,$15.81,11,3.43,1.46,13.26 %,42.52 %,0.00,3.91,1,$29.82,N/A,$6.11,$4.95,0,$0.88,8.00%,$0.05,1,$0.23,$0.30 /lb,$0.23,$0.00,$0.00,$0.00,$0.00,0,$0.00,4.7,90,"For better accuracy, we’ve used dimensions from B0052OOZQE to provide more precise estimates","8.58, 6.50, 2.09 in, 0.77 lbs",8.58,6.50,2.09,0.77,N/A,Computer
"05/28/2025, 12:54 AM PDT","05/28/2025, 03:54 AM EDT","05/28/2025, 02:54 AM CDT","05/28/2025, 12:54 AM PDT","Bob's Red Mill, Muesli, Fruit & Seed, 14 oz",183482732,39978001146,N/A,N/A,Bob's Red Mill,Grocery,Muesli,N/A,N/A,1184C144,https://i5.walmartimages.com/seo/Bob-s-Red-Mill-Muesli-Fruit-Seed-14-oz_78b64e30-2551-4db7-8e38-dc2415c01d5f.71f29f2b5779ee7854e5050da416f87d.jpeg,,N/A,https://www.walmart.com/ip/183482732,4.94,https://www.amazon.com/dp/B01LQTVHKA,https://www.amazon.com/s?k=Bob's%20Red%20Mill%2C%20Muesli%2C%20Fruit%20%26%20Seed%2C%2014%20oz,https://www.ebay.com/sch/i.html?_nkw=Bob's%20Red%20Mill%2C%20Muesli%2C%20Fruit%20%26%20Seed%2C%2014%20oz,https://www.google.com/search?q=Bob's%20Red%20Mill%2C%20Muesli%2C%20Fruit%20%26%20Seed%2C%2014%20oz,https://seller.walmart.com/catalog/add-items?search=183482732,N/A,no,no,no,4,2,2,123,OTCRx4U,wfs,$11.15,13,$11.15,$13.16,11.15,4.94,0.03,0.25 %,0.56 %,11.05,3.97,1,$11.37,100+ units sold this month on Amazon,$6.18,$4.95,0,$0.89,8.00%,$0.07,1,$0.27,$0.30 /lb,$0.27,$0.00,$0.00,$0.00,$0.00,0,$0.00,4.8,125,Pulling package information from B01LQTVHKA via amazon.com,"9.06, 6.69, 2.68 in, 0.90 lbs",9.06,6.69,2.68,0.90,N/A,Computer
"05/28/2025, 12:55 AM PDT","05/28/2025, 03:55 AM EDT","05/28/2025, 02:55 AM CDT","05/28/2025, 12:55 AM PDT",Bob's Red Mill Gluten Free Muesli 16 oz Pkg,29303696,39978003669,N/A,N/A,Bob's Red Mill,Grocery,Muesli,N/A,N/A,039978003669,https://i5.walmartimages.com/seo/Bob-s-Red-Mill-Gluten-Free-Muesli-16-oz-Pkg_6a83ce2d-2c38-4e11-86be-124218223c50.43003f0901d35d6a1dbc833df8a5174b.jpeg,,N/A,https://www.walmart.com/ip/29303696,5.29,https://www.amazon.com/dp/B00F1OVW9I,https://www.amazon.com/s?k=Bob's%20Red%20Mill%20Gluten%20Free%20Muesli%2016%20oz%20Pkg,https://www.ebay.com/sch/i.html?_nkw=Bob's%20Red%20Mill%20Gluten%20Free%20Muesli%2016%20oz%20Pkg,https://www.google.com/search?q=Bob's%20Red%20Mill%20Gluten%20Free%20Muesli%2016%20oz%20Pkg,https://seller.walmart.com/catalog/add-items?search=29303696,N/A,yes,yes,no,9,7,2,258,Aricomp,wfs,$13.50,30,$12.22,$13.50,12.22,5.29,0.61,5.01 %,11.56 %,11.45,4.72,1,$12.61,N/A,$6.32,$4.95,0,$0.98,8.00%,$0.09,1,$0.30,$0.30 /lb,$0.30,$0.00,$0.00,$0.00,$0.00,0,$0.00,4.9,216,Pulling package information from B00F1OVW9I via amazon.com,"8.54, 6.69, 3.54 in, 1.01 lbs",8.54,6.69,3.54,1.01,N/A,Computer
"05/28/2025, 12:56 AM PDT","05/28/2025, 03:56 AM EDT","05/28/2025, 02:56 AM CDT","05/28/2025, 12:56 AM PDT","Bob's Red Mill, Muesli, Gluten Free, Tropical, 14 oz",197276192,39978003683,Single,2,Bob's Red Mill,Grocery,Muesli,N/A,N/A,039978003683,https://i5.walmartimages.com/seo/Bob-s-Red-Mill-Muesli-Gluten-Free-Tropical-14-oz_53ac975d-d66d-489f-bfdf-5c7bcbb3e640.6fd2abb5f5cbfd4407c1a1baec8c7ed7.png,,N/A,https://www.walmart.com/ip/197276192,5.99,https://www.amazon.com/dp/B01LOR5SWC,https://www.amazon.com/s?k=Bob's%20Red%20Mill%2C%20Muesli%2C%20Gluten%20Free%2C%20Tropical%2C%2014%20oz,https://www.ebay.com/sch/i.html?_nkw=Bob's%20Red%20Mill%2C%20Muesli%2C%20Gluten%20Free%2C%20Tropical%2C%2014%20oz,https://www.google.com/search?q=Bob's%20Red%20Mill%2C%20Muesli%2C%20Gluten%20Free%2C%20Tropical%2C%2014%20oz,https://seller.walmart.com/catalog/add-items?search=197276192,N/A,no,no,no,4,3,1,162,Hollywood Traders,wfs,$13.52,8,$13.51,$14.74,13.52,5.99,1.17,8.64 %,19.51 %,12.15,5.73,1,$12.97,N/A,$6.36,$4.95,0,$1.08,8.00%,$0.08,1,$0.25,$0.30 /lb,$0.25,$0.00,$0.00,$0.00,$0.00,0,$0.00,4.7,272,"The listing has 2 variations,Pulling package information from B01LOR5SWC via amazon.com","9.21, 6.97, 2.80 in, 0.84 lbs",9.21,6.97,2.80,0.84,N/A,Computer
"05/28/2025, 01:16 AM PDT","05/28/2025, 04:16 AM EDT","05/28/2025, 03:16 AM CDT","05/28/2025, 01:16 AM PDT",Bonne Maman Lemon Curd 12.7 oz,144411939,88702845679,N/A,N/A,Bonne Maman,Grocery,"Jams, Jellies & Preserves",N/A,N/A,088702845679,https://i5.walmartimages.com/seo/Bonne-Maman-Lemon-Curd-12-7-oz_b7f38610-48aa-46d3-82b1-b0151ebb4df2_1.4d2541481a5846f2f92114a61db2cb0e.jpeg,,N/A,https://www.walmart.com/ip/144411939,5.09,https://www.amazon.com/dp/B074CHJNFY,https://www.amazon.com/s?k=Bonne%20Maman%20Lemon%20Curd%2012.7%20oz,https://www.ebay.com/sch/i.html?_nkw=Bonne%20Maman%20Lemon%20Curd%2012.7%20oz,https://www.google.com/search?q=Bonne%20Maman%20Lemon%20Curd%2012.7%20oz,https://seller.walmart.com/catalog/add-items?search=144411939,N/A,no,no,no,3,0,3,50,WF Market,mfn,$12.00,37,$12.00,$16.98,13,5.09,1.53,11.74 %,30.00 %,11.25,5.29,1,$13.12,N/A,$6.38,$4.95,0,$1.04,8.00%,$0.02,1,$0.38,$0.30 /lb,$0.38,$0.00,$0.00,$0.00,$0.00,0,$0.00,4.5,241,"Pulling package information from B074CHJNFY via amazon.com,3 or less sellers","3.82, 3.31, 3.31 in, 1.25 lbs",3.82,3.31,3.31,1.25,N/A,Computer
"05/28/2025, 03:04 AM PDT","05/28/2025, 06:04 AM EDT","05/28/2025, 05:04 AM CDT","05/28/2025, 03:04 AM PDT",Bonne Maman Peach Preserves 13 oz Jar,10533068,88702015621,N/A,N/A,Bonne Maman,Grocery,"Jams, Jellies & Preserves",N/A,N/A,6269,https://i5.walmartimages.com/seo/Bonne-Maman-Peach-Preserves-13-oz-Jar_8da2ed0f-82b1-484f-ae70-a474a68c48c4.ee23205f136e193bf2fb62b98e710894.jpeg,,N/A,https://www.walmart.com/ip/10533068,5.09,https://www.amazon.com/dp/B00JHH4BRA,https://www.amazon.com/s?k=Bonne%20Maman%20Peach%20Preserves%2013%20oz%20Jar,https://www.ebay.com/sch/i.html?_nkw=Bonne%20Maman%20Peach%20Preserves%2013%20oz%20Jar,https://www.google.com/search?q=Bonne%20Maman%20Peach%20Preserves%2013%20oz%20Jar,https://seller.walmart.com/catalog/add-items?search=10533068,Best seller,no,no,no,4,1,3,10174,Think Gourmet,wfs,$12.98,62,$12.33,$50.98,12.98,5.09,1.47,11.36 %,28.96 %,11.30,5.25,1,OOS,N/A,$6.42,$4.95,0,$1.04,8.00%,$0.04,1,$0.38,$0.30 /lb,$0.38,$0.00,$0.00,$0.00,$0.00,0,$0.00,4.8,24,"For better accuracy, we’ve used dimensions from B0004MVRG0 to provide more precise estimates","7.24, 3.82, 3.62 in, 1.28 lbs",7.24,3.82,3.62,1.28,N/A,Computer
"05/28/2025, 03:30 AM PDT","05/28/2025, 06:30 AM EDT","05/28/2025, 05:30 AM CDT","05/28/2025, 03:30 AM PDT","Bookbinder's Cocktail Sauce Seafood, 10.5 oz",173809219,71851001508,N/A,N/A,Bookbinders,Grocery,Cocktail Sauces,N/A,N/A,HG1851542,https://i5.walmartimages.com/seo/Bookbinder-s-Cocktail-Sauce-Seafood-10-5-oz_e9e770ad-96eb-43ed-bb24-531b44ec775f.b7cf70fcc481ff417d29ab37a8ff945b.jpeg,,N/A,https://www.walmart.com/ip/173809219,2.05,https://www.amazon.com/dp/B06X9ZM5CC,https://www.amazon.com/s?k=Bookbinder's%20Cocktail%20Sauce%20Seafood%2C%2010.5%20oz,https://www.ebay.com/sch/i.html?_nkw=Bookbinder's%20Cocktail%20Sauce%20Seafood%2C%2010.5%20oz,https://www.google.com/search?q=Bookbinder's%20Cocktail%20Sauce%20Seafood%2C%2010.5%20oz,https://seller.walmart.com/catalog/add-items?search=173809219,N/A,no,no,no,6,2,4,128,OTCRx4U,wfs,$8.75,12,$8.75,$12.95,8.99,2.05,1.55,17.20 %,75.44 %,7.25,2.88,1,$9.95,N/A,$5.39,$3.45,0,$0.72,8.00%,$0.01,1,$1.21,$0.30 /lb,$0.21,$0.00,$0.00,$0.00,$0.00,0,$0.00,4.3,18,"Pulling package information from B06X9ZM5CC via amazon.com,User edited dimensions/weight","5.75, 2.48, 1.81 in, 0.71 lbs",5.75,2.48,1.81,0.71,N/A,Computer
"05/28/2025, 04:06 AM PDT","05/28/2025, 07:06 AM EDT","05/28/2025, 06:06 AM CDT","05/28/2025, 04:06 AM PDT","Briannas Raspberry Poppy Seed, 12 Oz. Bottle",399747689,27271121388,Single,2,BRIANNAS,Grocery,Salad Dressings,N/A,N/A,N/A,https://i5.walmartimages.com/seo/Briannas-Raspberry-Poppy-Seed-12-Oz-Bottle_838e3460-7d5e-47aa-ac84-10f31d8b826b.18ceea015fdb858dddf3980984d2d22c.jpeg,,N/A,https://www.walmart.com/ip/399747689,3.23,https://www.amazon.com/dp/B0914XKKTX,https://www.amazon.com/s?k=Briannas%20Raspberry%20Poppy%20Seed%2C%2012%20Oz.%20Bottle,https://www.ebay.com/sch/i.html?_nkw=Briannas%20Raspberry%20Poppy%20Seed%2C%2012%20Oz.%20Bottle,https://www.google.com/search?q=Briannas%20Raspberry%20Poppy%20Seed%2C%2012%20Oz.%20Bottle,https://seller.walmart.com/catalog/add-items?search=399747689,N/A,no,yes,no,1,1,0,1,VL Store,wfs,$10.00,1,$10.00,$10.00,10,3.23,0.58,5.82 %,18.03 %,0.00,3.05,1,$8.99,N/A,$6.19,$4.95,0,$0.80,8.00%,$0.03,1,$0.41,$0.30 /lb,$0.41,$0.00,$0.00,$0.00,$0.00,0,$0.00,4,26,"The listing has 2 variations,Pulling package information from B0914XKKTX via amazon.com,3 or less sellers","8.54, 2.80, 2.56 in, 1.37 lbs",8.54,2.80,2.56,1.37,N/A,Computer
"05/28/2025, 04:11 AM PDT","05/28/2025, 07:11 AM EDT","05/28/2025, 06:11 AM CDT","05/28/2025, 04:11 AM PDT","BRIANNAS Organic Mango Vinaigrette, 10 fl oz",210823887,27271103056,N/A,N/A,BRIANNAS,Grocery,Salad Dressings,N/A,N/A,N/A,https://i5.walmartimages.com/seo/BRIANNAS-Organic-Mango-Vinaigrette-10-fl-oz_343a4c5b-23b4-41ba-8103-5637646fda33.f815f17fb0c3cbb8255661b8e91453e4.jpeg,,N/A,https://www.walmart.com/ip/210823887,3.84,https://www.amazon.com/dp/B07RGRW33T,https://www.amazon.com/s?k=BRIANNAS%20Organic%20Mango%20Vinaigrette%2C%2010%20fl%20oz,https://www.ebay.com/sch/i.html?_nkw=BRIANNAS%20Organic%20Mango%20Vinaigrette%2C%2010%20fl%20oz,https://www.google.com/search?q=BRIANNAS%20Organic%20Mango%20Vinaigrette%2C%2010%20fl%20oz,https://seller.walmart.com/catalog/add-items?search=210823887,N/A,no,no,no,2,0,2,36,WF Market,mfn,$11.28,28,$11.28,$16.45,11.28,3.84,1.21,10.71 %,31.46 %,10.00,4.04,1,$8.99,400+ units sold this month on Amazon,$6.23,$4.95,0,$0.90,8.00%,$0.02,1,$0.36,$0.30 /lb,$0.36,$0.00,$0.00,$0.00,$0.00,0,$0.00,4.2,6,"Pulling package information from B07RGRW33T via amazon.com,3 or less sellers","8.62, 2.48, 2.44 in, 1.19 lbs",8.62,2.48,2.44,1.19,N/A,Computer
"05/29/2025, 12:16 AM PDT","05/29/2025, 03:16 AM EDT","05/29/2025, 02:16 AM CDT","05/29/2025, 12:16 AM PDT","Cadbury Mini Eggs Milk Chocolate Easter Candy, Bag 1.5 oz",42312561,34000072521,1.5 oz,1,Cadbury,Grocery,Chocolate Candy,N/A,N/A,0 34000 07252 1,https://i5.walmartimages.com/seo/Cadbury-Mini-Eggs-Milk-Chocolate-Easter-Candy-Bag-1-5-oz_f986389f-01e8-4ad3-91df-dd1d40875478.50801fdf880473fa4f0d08abfaa366cd.jpeg,,N/A,https://www.walmart.com/ip/42312561,1.57,https://www.amazon.com/dp/B000096P23,https://www.amazon.com/s?k=Cadbury%20Mini%20Eggs%20Milk%20Chocolate%20Easter%20Candy%2C%20Bag%201.5%20oz,https://www.ebay.com/sch/i.html?_nkw=Cadbury%20Mini%20Eggs%20Milk%20Chocolate%20Easter%20Candy%2C%20Bag%201.5%20oz,https://www.google.com/search?q=Cadbury%20Mini%20Eggs%20Milk%20Chocolate%20Easter%20Candy%2C%20Bag%201.5%20oz,https://seller.walmart.com/catalog/add-items?search=42312561,N/A,yes,no,no,1,0,1,2,PRODUCTS U WISH LTD,mfn,$6.59,2,$6.59,$6.59,6.59,1.57,0.01,0.16 %,0.65 %,6.50,1.26,1,OOS,N/A,$5.01,$3.45,0,$0.53,8.00%,$0.01,1,$1.03,$0.30 /lb,$0.03,$0.00,$0.00,$0.00,$0.00,0,$0.00,2,408,"Pulling package information from B000096P23 via amazon.com,3 or less sellers","4.33, 2.91, 1.02 in, 0.09 lbs",4.33,2.91,1.02,0.09,N/A,Computer
"05/29/2025, 12:18 AM PDT","05/29/2025, 03:18 AM EDT","05/29/2025, 02:18 AM CDT","05/29/2025, 12:18 AM PDT","Cadbury Royal Dark Dark Chocolate Candy, Bar 3.5 oz",22176424,34000040339,N/A,N/A,Cadbury,Grocery,Candy Bars & Miniatures,N/A,N/A,484451,https://i5.walmartimages.com/seo/Cadbury-Royal-Dark-Dark-Chocolate-Candy-Bar-3-5-oz_05b13670-1300-4b41-a144-2a5b0450233a.f0b0f8734d775bab5e8ecc366c178ac1.jpeg,,N/A,https://www.walmart.com/ip/22176424,2.85,https://www.amazon.com/dp/B005GCK9DK,https://www.amazon.com/s?k=Cadbury%20Royal%20Dark%20Dark%20Chocolate%20Candy%2C%20Bar%203.5%20oz,https://www.ebay.com/sch/i.html?_nkw=Cadbury%20Royal%20Dark%20Dark%20Chocolate%20Candy%2C%20Bar%203.5%20oz,https://www.google.com/search?q=Cadbury%20Royal%20Dark%20Dark%20Chocolate%20Candy%2C%20Bar%203.5%20oz,https://seller.walmart.com/catalog/add-items?search=22176424,N/A,yes,no,no,1,0,1,12,HBWcare,mfn,$8.98,12,$8.98,$8.98,8.98,2.85,0.89,9.91 %,31.22 %,7.95,2.99,1,$-0.04,N/A,$5.24,$3.45,0,$0.72,8.00%,$0.00,1,$1.07,$0.30 /lb,$0.07,$0.00,$0.00,$0.00,$0.00,0,$0.00,4.5,59,3 or less sellers,"0.37, 2.82, 6.13 in, 0.23 lbs",0.37,2.82,6.13,0.23,N/A,Computer
"05/29/2025, 01:04 AM PDT","05/29/2025, 04:04 AM EDT","05/29/2025, 03:04 AM CDT","05/29/2025, 01:04 AM PDT","Candy Pop Snickers Popcorn, 5.25 oz",721980440,814109021350,N/A,N/A,Candy Pop,Grocery,Popcorns,N/A,N/A,PSCP135,https://i5.walmartimages.com/seo/Candy-Pop-Snickers-Popcorn-5-25-oz_ac601b4e-ff70-4040-9bd1-e25ff9c41bcb.726f40fe6a7de5bae69f502d99c252bc.png,,N/A,https://www.walmart.com/ip/721980440,3.92,https://www.amazon.com/dp/B08SJKQR7P,https://www.amazon.com/s?k=Candy%20Pop%20Snickers%20Popcorn%2C%205.25%20oz,https://www.ebay.com/sch/i.html?_nkw=Candy%20Pop%20Snickers%20Popcorn%2C%205.25%20oz,https://www.google.com/search?q=Candy%20Pop%20Snickers%20Popcorn%2C%205.25%20oz,https://seller.walmart.com/catalog/add-items?search=721980440,N/A,no,no,no,1,1,0,17,SARONITE,wfs,$9.75,17,$9.75,$9.75,9.75,3.92,0.41,4.25 %,10.57 %,9.20,3.47,1,$15.65,N/A,$5.42,$3.45,0,$0.78,8.00%,$0.08,1,$1.10,$0.30 /lb,$0.10,$0.00,$0.00,$0.00,$0.00,0,$0.00,3.8,125,"Pulling package information from B08SJKQR7P via amazon.com,User edited dimensions/weight,3 or less sellers","10.94, 7.72, 2.20 in, 0.35 lbs",10.94,7.72,2.20,0.35,N/A,Computer
"05/29/2025, 01:06 AM PDT","05/29/2025, 04:06 AM EDT","05/29/2025, 03:06 AM CDT","05/29/2025, 01:06 AM PDT",Candy Pop TWIX Popcorn,847935338,814109021381,Single,2,Candy Pop,Grocery,Popcorns,N/A,N/A,PSCP138,https://i5.walmartimages.com/seo/Candy-Pop-TWIX-Popcorn_c3d342af-9953-43a1-af30-fc2d85384fbf.0a80f7daa744df720dd9fcf98a0fd344.png,,N/A,https://www.walmart.com/ip/847935338,3.92,https://www.amazon.com/dp/B08SJKYXTC,https://www.amazon.com/s?k=Candy%20Pop%20TWIX%20Popcorn,https://www.ebay.com/sch/i.html?_nkw=Candy%20Pop%20TWIX%20Popcorn,https://www.google.com/search?q=Candy%20Pop%20TWIX%20Popcorn,https://seller.walmart.com/catalog/add-items?search=847935338,N/A,no,no,no,2,0,2,12,The Masonic World,mfn,$13.98,2,$13.62,$13.98,13.98,3.92,5.3,37.91 %,135.20 %,9.20,7.38,1,$80.48,N/A,$4.76,$3.45,0,$1.12,8.00%,$0.09,1,$0.10,$0.30 /lb,$0.10,$0.00,$0.00,$0.00,$0.00,0,$0.00,4.4,50,"The listing has 2 variations,Pulling package information from B08SJKYXTC via amazon.com,User edited dimensions/weight,3 or less sellers","11.18, 7.72, 2.48 in, 0.33 lbs",11.18,7.72,2.48,0.33,N/A,Computer
"05/29/2025, 01:11 AM PDT","05/29/2025, 04:11 AM EDT","05/29/2025, 03:11 AM CDT","05/29/2025, 01:11 AM PDT","Raindrops Gummy Candy Sushi, 21 count, 9.52 oz",55550461,630855114005,N/A,1,Raindrops,Grocery,Gummy Candy,N/A,N/A,11300,https://i5.walmartimages.com/seo/Raindrops-Gummy-Candy-Sushi-21-count-9-52-oz_28f30a91-1369-44bb-8298-fadeea3b6635.545c9c5b26c2ec9e286113ab1429f0bd.jpeg,,N/A,https://www.walmart.com/ip/55550461,6.85,https://www.amazon.com/dp/B01NASUQMO,https://www.amazon.com/s?k=Raindrops%20Gummy%20Candy%20Sushi%2C%2021%20count%2C%209.52%20oz,https://www.ebay.com/sch/i.html?_nkw=Raindrops%20Gummy%20Candy%20Sushi%2C%2021%20count%2C%209.52%20oz,https://www.google.com/search?q=Raindrops%20Gummy%20Candy%20Sushi%2C%2021%20count%2C%209.52%20oz,https://seller.walmart.com/catalog/add-items?search=55550461,Popular pick,no,no,no,3,2,1,60,SARONITE,wfs,$14.48,19,$14.48,$14.94,14.48,6.85,2.76,19.04 %,40.25 %,11.40,7.69,1,$17.95,100+ units sold this month on Amazon,$4.87,$3.45,0,$1.16,8.00%,$0.04,1,$0.22,$0.30 /lb,$0.22,$0.00,$0.00,$0.00,$0.00,0,$0.00,3.4,5,"Pulling package information from B01NASUQMO via amazon.com,3 or less sellers","11.22, 6.65, 1.22 in, 0.75 lbs",11.22,6.65,1.22,0.75,N/A,Computer
"05/29/2025, 01:24 AM PDT","05/29/2025, 04:24 AM EDT","05/29/2025, 03:24 AM CDT","05/29/2025, 01:24 AM PDT","Cape Cod Potato Chips, Original Kettle Chips, 1.5 oz",426498448,20685084850,N/A,N/A,Cape Cod,Grocery,Snack Chips,Snyder's-Lance Inc,N/A,112037,https://i5.walmartimages.com/seo/Cape-Cod-Potato-Chips-Original-Kettle-Cooked-Chips-Snack-Bags-1-5-oz_f97e96cb-bcff-411d-9bc6-400ab45d0723.048382789ea8fc8d59a1d139605cf7ac.jpeg,,N/A,https://www.walmart.com/ip/426498448,0.59,https://www.amazon.com/dp/B0775R9R6Z,https://www.amazon.com/s?k=Cape%20Cod%20Potato%20Chips%2C%20Original%20Kettle%20Chips%2C%201.5%20oz,https://www.ebay.com/sch/i.html?_nkw=Cape%20Cod%20Potato%20Chips%2C%20Original%20Kettle%20Chips%2C%201.5%20oz,https://www.google.com/search?q=Cape%20Cod%20Potato%20Chips%2C%20Original%20Kettle%20Chips%2C%201.5%20oz,https://seller.walmart.com/catalog/add-items?search=426498448,N/A,no,no,no,2,0,2,102,First Choice LLC-1,mfn,$12.00,3,$12.00,$18.99,12,0.59,3.04,25.34 %,515.38 %,9.70,2.90,1,OOS,N/A,$8.37,$6.55,0,$0.96,8.00%,$0.30,1,$0.56,$0.30 /lb,$0.56,$0.00,$0.00,$0.00,$0.00,0,$0.00,4.7,609,"For better accuracy, we’ve used dimensions from B085QN39W5 to provide more precise estimates,3 or less sellers","10.00, 10.00, 7.01 in, 1.85 lbs",10.00,10.00,7.01,1.85,N/A,Computer
"05/29/2025, 01:25 AM PDT","05/29/2025, 04:25 AM EDT","05/29/2025, 03:25 AM CDT","05/29/2025, 01:25 AM PDT","Cape Cod Potato Chips, Less Fat Original Kettle Chips, 1.5 oz",795891462,20685123757,N/A,N/A,Cape Cod,Grocery,Snack Chips,Snyder's-Lance Inc,N/A,112036,https://i5.walmartimages.com/seo/Cape-Cod-Potato-Chips-Less-Fat-Original-Kettle-Cooked-Chips-1-5-oz_e58bee89-98df-46f9-af87-8ee7c853c48d.25a984c162a0594575a3c140d60ba8b6.jpeg,,N/A,https://www.walmart.com/ip/795891462,0.59,https://www.amazon.com/dp/B01GG7AJD8,https://www.amazon.com/s?k=Cape%20Cod%20Potato%20Chips%2C%20Less%20Fat%20Original%20Kettle%20Chips%2C%201.5%20oz,https://www.ebay.com/sch/i.html?_nkw=Cape%20Cod%20Potato%20Chips%2C%20Less%20Fat%20Original%20Kettle%20Chips%2C%201.5%20oz,https://www.google.com/search?q=Cape%20Cod%20Potato%20Chips%2C%20Less%20Fat%20Original%20Kettle%20Chips%2C%201.5%20oz,https://seller.walmart.com/catalog/add-items?search=795891462,N/A,no,no,no,5,2,3,131,Dollar Den,mfn,$8.20,2,$8.20,$35.72,8.2,0.59,2.44,29.80 %,414.24 %,5.45,2.43,1,OOS,N/A,$5.17,$3.45,0,$0.66,8.00%,$0.03,1,$1.03,$0.30 /lb,$0.03,$0.00,$0.00,$0.00,$0.00,0,$0.00,4.7,342,Pulling package information from B01GG7AJD8 via amazon.com,"7.48, 5.47, 1.69 in, 0.10 lbs",7.48,5.47,1.69,0.10,N/A,Computer
"05/29/2025, 03:32 AM PDT","05/29/2025, 06:32 AM EDT","05/29/2025, 05:32 AM CDT","05/29/2025, 03:32 AM PDT","Carr's Cracked Pepper Table Water Crackers, Baked Snack Crackers, 4.5 oz",10321422,59290575927,N/A,N/A,Carr's,Grocery,Snack Crackers,Kellogg Company US,N/A,N/A,https://i5.walmartimages.com/seo/Carr-s-Cracked-Pepper-Table-Water-Crackers-Baked-Snack-Crackers-4-5-oz_0f39c0e2-1329-4f6d-aa11-95fd0176d208.415e1bde1c2db273056f4476e0574872.jpeg,,N/A,https://www.walmart.com/ip/10321422,3.43,https://www.amazon.com/dp/B00QIIKW4C,https://www.amazon.com/s?k=Carr's%20Cracked%20Pepper%20Table%20Water%20Crackers%2C%20Baked%20Snack%20Crackers%2C%204.5%20oz,https://www.ebay.com/sch/i.html?_nkw=Carr's%20Cracked%20Pepper%20Table%20Water%20Crackers%2C%20Baked%20Snack%20Crackers%2C%204.5%20oz,https://www.google.com/search?q=Carr's%20Cracked%20Pepper%20Table%20Water%20Crackers%2C%20Baked%20Snack%20Crackers%2C%204.5%20oz,https://seller.walmart.com/catalog/add-items?search=10321422,N/A,no,no,no,2,1,1,24,From R Homestead,wfs,$10.79,4,$10.79,$12.28,10.79,3.43,2.93,27.12 %,85.31 %,8.60,5.08,1,$9.99,100+ units sold this month on Amazon,$4.43,$3.45,0,$0.86,8.00%,$0.02,1,$0.10,$0.30 /lb,$0.10,$0.00,$0.00,$0.00,$0.00,0,$0.00,4.2,15,"Pulling package information from B00QIIKW4C via amazon.com,3 or less sellers","8.58, 2.48, 2.36 in, 0.33 lbs",8.58,2.48,2.36,0.33,N/A,Computer
"05/29/2025, 03:38 AM PDT","05/29/2025, 06:38 AM EDT","05/29/2025, 05:38 AM CDT","05/29/2025, 03:38 AM PDT","Carr's Rosemary Crackers, Baked Snack Crackers, 5 oz",13399440,59290208320,5 oz,1,Carr's,Grocery,Snack Crackers,Kellogg Company US,N/A,20629,https://i5.walmartimages.com/seo/Carr-s-Rosemary-Crackers-Baked-Snack-Crackers-5-oz_6595f649-de43-4537-b5b8-1b0bb06c6027.6448c63fe503fb96e3a7917e5f375bb5.jpeg,,N/A,https://www.walmart.com/ip/13399440,3.43,https://www.amazon.com/dp/B003YDUSUM,https://www.amazon.com/s?k=Carr's%20Rosemary%20Crackers%2C%20Baked%20Snack%20Crackers%2C%205%20oz,https://www.ebay.com/sch/i.html?_nkw=Carr's%20Rosemary%20Crackers%2C%20Baked%20Snack%20Crackers%2C%205%20oz,https://www.google.com/search?q=Carr's%20Rosemary%20Crackers%2C%20Baked%20Snack%20Crackers%2C%205%20oz,https://seller.walmart.com/catalog/add-items?search=13399440,N/A,no,no,no,4,1,3,26,Perdy Good,wfs,$14.32,2,$12.20,$14.84,14.32,3.43,6.14,42.84 %,178.87 %,8.65,7.65,1,$9.00,500+ units sold this month on Amazon,$4.75,$3.45,0,$1.15,8.00%,$0.02,1,$0.14,$0.30 /lb,$0.14,$0.00,$0.00,$0.00,$0.00,0,$0.00,4.5,69,Pulling package information from B003YDUSUM via amazon.com,"9.02, 2.48, 2.48 in, 0.45 lbs",9.02,2.48,2.48,0.45,N/A,Computer
"05/29/2025, 04:16 AM PDT","05/29/2025, 07:16 AM EDT","05/29/2025, 06:16 AM CDT","05/29/2025, 04:16 AM PDT",Cella's Milk Chocolate Cherry Squares 5.29 oz,1757418193,11228003018,N/A,N/A,Cella's,Grocery,Chocolate Candy,N/A,N/A,N/A,https://i5.walmartimages.com/seo/Cella-s-Milk-Chocolate-Cherry-Squares-5-29-oz_de380d39-74fd-419c-b27b-c5381ff1fbfa.e2546606b9de897649902cdddc850829.jpeg,,N/A,https://www.walmart.com/ip/1757418193,5.2,N/A,https://www.amazon.com/s?k=Cella's%20Milk%20Chocolate%20Cherry%20Squares%205.29%20oz,https://www.ebay.com/sch/i.html?_nkw=Cella's%20Milk%20Chocolate%20Cherry%20Squares%205.29%20oz,https://www.google.com/search?q=Cella's%20Milk%20Chocolate%20Cherry%20Squares%205.29%20oz,https://seller.walmart.com/catalog/add-items?search=1757418193,N/A,no,no,no,0,0,0,0,N/A,N/A,0,,,Price,10.84,5.2,1.2,11.06 %,23.07 %,0.00,5.12,1,NA,N/A,$4.44,$3.45,0,$0.87,8.00%,$0.02,1,$0.10,$0.30 /lb,$0.10,$0.00,$0.00,$0.00,$0.00,0,$0.00,3.1,20,"Walmart.com is on the listing,For better accuracy, we’ve used dimensions from B07659GYZ7 to provide more precise estimates,3 or less sellers","7.32, 5.12, 1.50 in, 0.33 lbs",7.32,5.12,1.50,0.33,N/A,Computer
"05/29/2025, 04:16 AM PDT","05/29/2025, 07:16 AM EDT","05/29/2025, 06:16 AM CDT","05/29/2025, 04:16 AM PDT",Cella's Milk Chocolate Cherry Squares 5.29 oz,1757418193,11228003018,N/A,N/A,Cella's,Grocery,Chocolate Candy,N/A,N/A,N/A,https://i5.walmartimages.com/seo/Cella-s-Milk-Chocolate-Cherry-Squares-5-29-oz_de380d39-74fd-419c-b27b-c5381ff1fbfa.e2546606b9de897649902cdddc850829.jpeg,,N/A,https://www.walmart.com/ip/1757418193,5.2,N/A,https://www.amazon.com/s?k=Cella's%20Milk%20Chocolate%20Cherry%20Squares%205.29%20oz,https://www.ebay.com/sch/i.html?_nkw=Cella's%20Milk%20Chocolate%20Cherry%20Squares%205.29%20oz,https://www.google.com/search?q=Cella's%20Milk%20Chocolate%20Cherry%20Squares%205.29%20oz,https://seller.walmart.com/catalog/add-items?search=1757418193,N/A,no,no,no,0,0,0,0,N/A,N/A,0,,,Price,10.84,5.2,1.2,11.06 %,23.07 %,0.00,5.12,1,NA,N/A,$4.44,$3.45,0,$0.87,8.00%,$0.02,1,$0.10,$0.30 /lb,$0.10,$0.00,$0.00,$0.00,$0.00,0,$0.00,3.1,20,"Walmart.com is on the listing,For better accuracy, we’ve used dimensions from B07659GYZ7 to provide more precise estimates,3 or less sellers","7.32, 5.12, 1.50 in, 0.33 lbs",7.32,5.12,1.50,0.33,N/A,Computer
"05/29/2025, 04:32 AM PDT","05/29/2025, 07:32 AM EDT","05/29/2025, 06:32 AM CDT","05/29/2025, 04:32 AM PDT","Ceres 100% All Natural Pure Fruit Juice Blend, Pear - Gluten Free, Rich in Vitamin C, No Added Sugar or Preservatives, Cholesterol Free - 33.8 FL OZ",30943909,751217152685,N/A,N/A,Ceres,Grocery,Juices,STANMAR INTERNATIONAL,N/A,0530121,https://i5.walmartimages.com/seo/Ceres-100-All-Natural-Pure-Fruit-Juice-Blend-Pear-Gluten-Free-Rich-in-Vitamin-C-No-Added-Sugar-or-Preservatives-Cholesterol-Free-33-8-FL-OZ_67a43ae2-e482-4e7a-be95-e942936a07b1.373748aa827997f453ce07dd3cc09dda.jpeg,,N/A,https://www.walmart.com/ip/30943909,2.92,https://www.amazon.com/dp/B005IDDYQ6,https://www.amazon.com/s?k=Ceres%20100%25%20All%20Natural%20Pure%20Fruit%20Juice%20Blend%2C%20Pear%20-%20Gluten%20Free%2C%20Rich%20in%20Vitamin%20C%2C%20No%20Added%20Sugar%20or%20Preservatives%2C%20Cholesterol%20Free%20-%2033.8%20FL%20OZ,https://www.ebay.com/sch/i.html?_nkw=Ceres%20100%25%20All%20Natural%20Pure%20Fruit%20Juice%20Blend%2C%20Pear%20-%20Gluten%20Free%2C%20Rich%20in%20Vitamin%20C%2C%20No%20Added%20Sugar%20or%20Preservatives%2C%20Cholesterol%20Free%20-%2033.8%20FL%20OZ,https://www.google.com/search?q=Ceres%20100%25%20All%20Natural%20Pure%20Fruit%20Juice%20Blend%2C%20Pear%20-%20Gluten%20Free%2C%20Rich%20in%20Vitamin%20C%2C%20No%20Added%20Sugar%20or%20Preservatives%2C%20Cholesterol%20Free%20-%2033.8%20FL%20OZ,https://seller.walmart.com/catalog/add-items?search=30943909,N/A,no,no,no,2,1,1,16,Super Savings Now,wfs,$18.91,6,$18.91,$27.87,18.91,2.92,6.95,36.77 %,238.09 %,10.00,7.90,1,$13.71,300+ units sold this month on Amazon,$9.04,$5.45,0,$2.84,15.00%,$0.03,1,$0.72,$0.30 /lb,$0.72,$0.00,$0.00,$0.00,$0.00,0,$0.00,,0,"Pulling package information from B005IDDYQ6 via amazon.com,3 or less sellers","8.11, 3.82, 2.32 in, 2.40 lbs",8.11,3.82,2.32,2.40,N/A,Computer
"05/29/2025, 04:34 AM PDT","05/29/2025, 07:34 AM EDT","05/29/2025, 06:34 AM CDT","05/29/2025, 04:34 AM PDT",Fluffy Stuff Cotton Candy 2.5oz Assorted Flavors,141401362,14200003259,1,15,Fluffy Stuff,Grocery,Cotton Candy,N/A,96325,N/A,https://i5.walmartimages.com/seo/Fluffy-Stuff-Cotton-Candy-2-5oz-Assorted-Flavors_2906e7ca-9a10-4581-a444-7ae72eddfa60.0e7521ff3cd9a52e68e3846148ce43c1.jpeg,,N/A,https://www.walmart.com/ip/141401362,1.68,https://www.amazon.com/dp/B00KB5UN74,https://www.amazon.com/s?k=Fluffy%20Stuff%20Cotton%20Candy%202.5oz%20Assorted%20Flavors,https://www.ebay.com/sch/i.html?_nkw=Fluffy%20Stuff%20Cotton%20Candy%202.5oz%20Assorted%20Flavors,https://www.google.com/search?q=Fluffy%20Stuff%20Cotton%20Candy%202.5oz%20Assorted%20Flavors,https://seller.walmart.com/catalog/add-items?search=141401362,N/A,no,no,no,3,1,2,192,Hominics Essentials,wfs,$7.35,23,$7.35,$8.99,7.35,1.68,0.53,7.20 %,31.50 %,6.70,1.77,1,$7.35,N/A,$5.14,$3.45,0,$0.59,8.00%,$0.07,1,$1.03,$0.30 /lb,$0.03,$0.00,$0.00,$0.00,$0.00,0,$0.00,3.9,7,"The listing has 15 variations,Pulling package information from B00KB5UN74 via amazon.com,3 or less sellers","10.20, 6.57, 2.40 in, 0.11 lbs",10.20,6.57,2.40,0.11,N/A,Computer
"05/29/2025, 04:41 AM PDT","05/29/2025, 07:41 AM EDT","05/29/2025, 06:41 AM CDT","05/29/2025, 04:41 AM PDT","Charms Lollipops, Sweet Flat Pop, Pack Of 48",48319198,14200007066,N/A,N/A,Charms,Grocery,Lollipops & Suckers,N/A,N/A,N/A,https://i5.walmartimages.com/seo/Charms-Lollipops-Sweet-Flat-Pop-Pack-Of-48_415365ab-b143-4921-9c68-d16ae1b60041.0b70460ef33e519f8b2bbad25f7d30e6.jpeg,,N/A,https://www.walmart.com/ip/48319198,12.48,https://www.amazon.com/dp/B0015A23PO,https://www.amazon.com/s?k=Charms%20Lollipops%2C%20Sweet%20Flat%20Pop%2C%20Pack%20Of%2048,https://www.ebay.com/sch/i.html?_nkw=Charms%20Lollipops%2C%20Sweet%20Flat%20Pop%2C%20Pack%20Of%2048,https://www.google.com/search?q=Charms%20Lollipops%2C%20Sweet%20Flat%20Pop%2C%20Pack%20Of%2048,https://seller.walmart.com/catalog/add-items?search=48319198,N/A,yes,no,no,2,0,2,105,Candy Retailer,mfn,$30.69,78,$30.69,$35.23,30.69,12.48,7.36,23.97 %,58.94 %,21.95,15.87,1,$17.25,200+ units sold this month on Amazon,$10.85,$5.45,0,$4.60,15.00%,$0.09,1,$0.71,$0.30 /lb,$0.71,$0.00,$0.00,$0.00,$0.00,0,$0.00,5,2,"Pulling package information from B0015A23PO via amazon.com,3 or less sellers","8.70, 6.61, 3.74 in, 2.36 lbs",8.70,6.61,3.74,2.36,N/A,Computer
"05/30/2025, 12:23 AM PDT","05/30/2025, 03:23 AM EDT","05/30/2025, 02:23 AM CDT","05/30/2025, 12:23 AM PDT","Chocolove Raspberries In Dark Chocolate, Contains Soy, 3.1 oz, 2",36359712,716270001547,N/A,N/A,Chocolove,Grocery,Candy Bars & Miniatures,N/A,N/A,CHOCOLOVE,https://i5.walmartimages.com/seo/Chocolove-Raspberries-In-Dark-Chocolate-Contains-Soy-3-1-oz-2_018eaea5-868f-4add-8030-cc96c099b043_1.a6807ecad30d9860004839b756e8cb74.jpeg,,N/A,https://www.walmart.com/ip/36359712,3.16,https://www.amazon.com/dp/B000LKUY78,https://www.amazon.com/s?k=Chocolove%20Raspberries%20In%20Dark%20Chocolate%2C%20Contains%20Soy%2C%203.1%20oz%2C%202,https://www.ebay.com/sch/i.html?_nkw=Chocolove%20Raspberries%20In%20Dark%20Chocolate%2C%20Contains%20Soy%2C%203.1%20oz%2C%202,https://www.google.com/search?q=Chocolove%20Raspberries%20In%20Dark%20Chocolate%2C%20Contains%20Soy%2C%203.1%20oz%2C%202,https://seller.walmart.com/catalog/add-items?search=36359712,N/A,no,no,no,3,0,3,126,iHerb,mfn,$9.30,116,$9.30,$11.97,9.3,3.16,0.84,9.08 %,26.71 %,8.30,3.20,1,$43.99,50+ units sold this month on Amazon,$5.30,$3.45,0,$0.74,8.00%,$0.04,1,$1.06,$0.30 /lb,$0.06,$0.00,$0.00,$0.00,$0.00,0,$0.00,4.1,27,3 or less sellers,"5.87, 3.00, 5.87 in, 0.19 lbs",5.87,3.00,5.87,0.19,N/A,Computer
"05/30/2025, 03:27 AM PDT","05/30/2025, 06:27 AM EDT","05/30/2025, 05:27 AM CDT","05/30/2025, 03:27 AM PDT","Chocolove Chocolate , 3.2 OZ",25781132,716270001349,N/A,N/A,Chocolove,Grocery,Candy Bars & Miniatures,N/A,N/A,716270001349,https://i5.walmartimages.com/seo/Chocolove-Chocolate-3-2-OZ_1f11c0ac-b8db-4e0e-85ee-956eb8169674_1.b8ed26f6735b6ff5241ee2a4274d3b6c.jpeg,,N/A,https://www.walmart.com/ip/25781132,3.16,https://www.amazon.com/dp/B009LUI8VS,https://www.amazon.com/s?k=Chocolove%20Chocolate%20%2C%203.2%20OZ,https://www.ebay.com/sch/i.html?_nkw=Chocolove%20Chocolate%20%2C%203.2%20OZ,https://www.google.com/search?q=Chocolove%20Chocolate%20%2C%203.2%20OZ,https://seller.walmart.com/catalog/add-items?search=25781132,N/A,no,no,no,1,0,1,31,iHerb,mfn,$9.30,31,$9.30,$9.30,9.3,3.16,0.88,9.41 %,27.69 %,8.25,3.23,1,$8.66,N/A,$5.26,$3.45,0,$0.74,8.00%,$0.00,1,$1.07,$0.30 /lb,$0.07,$0.00,$0.00,$0.00,$0.00,0,$0.00,4,5,"For better accuracy, we’ve used dimensions from B005EJX7D4 to provide more precise estimates,3 or less sellers","6.97, 2.95, 0.55 in, 0.22 lbs",6.97,2.95,0.55,0.22,N/A,Computer
"05/30/2025, 03:39 AM PDT","05/30/2025, 06:39 AM EDT","05/30/2025, 05:39 AM CDT","05/30/2025, 03:39 AM PDT","Cholula Kosher Chili Lime Hot Sauce, 5 fl oz Bottle",30985904,49733840118,N/A,N/A,Cholula,Grocery,Hot Sauces,N/A,N/A,049733840118,https://i5.walmartimages.com/seo/Cholula-Kosher-Chili-Lime-Hot-Sauce-5-fl-oz-Bottle_eff568bb-efc7-4ce1-88cf-609858d6746d.f0fe81e3726630eb010c8012675b95f3.jpeg,,N/A,https://www.walmart.com/ip/30985904,3.35,https://www.amazon.com/dp/B005ZHG1OW,https://www.amazon.com/s?k=Cholula%20Kosher%20Chili%20Lime%20Hot%20Sauce%2C%205%20fl%20oz%20Bottle,https://www.ebay.com/sch/i.html?_nkw=Cholula%20Kosher%20Chili%20Lime%20Hot%20Sauce%2C%205%20fl%20oz%20Bottle,https://www.google.com/search?q=Cholula%20Kosher%20Chili%20Lime%20Hot%20Sauce%2C%205%20fl%20oz%20Bottle,https://seller.walmart.com/catalog/add-items?search=30985904,N/A,no,no,no,7,0,7,181,Optimus Outlet LLC,mfn,$11.99,1,$11.97,$15.25,11.99,3.35,4.01,33.42 %,119.60 %,8.65,5.89,1,OOS,N/A,$4.63,$3.45,0,$0.96,8.00%,$0.01,1,$0.21,$0.30 /lb,$0.21,$0.00,$0.00,$0.00,$0.00,0,$0.00,4.6,63,N/A,"1.88, 1.88, 7.38 in, 0.71 lbs",1.88,1.88,7.38,0.71,N/A,Computer
"05/30/2025, 03:40 AM PDT","05/30/2025, 06:40 AM EDT","05/30/2025, 05:40 AM CDT","05/30/2025, 03:40 AM PDT","Cholula Chipotle Hot Sauce, 5 fl oz Bottle",29937236,49733830119,Single,2,Cholula,Grocery,Hot Sauces,N/A,N/A,WXUS642,https://i5.walmartimages.com/seo/Cholula-Chipotle-Hot-Sauce-5-fl-oz-Bottle_c607d599-39d5-4fc3-b2bf-8f4c7f1d40c2.67dc0268b2ee355b0a7f75dadcec75b3.jpeg,,N/A,https://www.walmart.com/ip/29937236,3.35,https://www.amazon.com/dp/B0083OJ3FI,https://www.amazon.com/s?k=Cholula%20Chipotle%20Hot%20Sauce%2C%205%20fl%20oz%20Bottle,https://www.ebay.com/sch/i.html?_nkw=Cholula%20Chipotle%20Hot%20Sauce%2C%205%20fl%20oz%20Bottle,https://www.google.com/search?q=Cholula%20Chipotle%20Hot%20Sauce%2C%205%20fl%20oz%20Bottle,https://seller.walmart.com/catalog/add-items?search=29937236,Popular pick,no,yes,no,8,0,8,331,iHerb,mfn,$10.81,234,$10.81,$17.48,10.81,3.35,2.92,27.02 %,87.19 %,8.65,5.02,1,$12.22,N/A,$4.54,$3.45,0,$0.86,8.00%,$0.01,1,$0.21,$0.30 /lb,$0.21,$0.00,$0.00,$0.00,$0.00,0,$0.00,4.6,158,The listing has 2 variations,"1.88, 1.88, 7.38 in, 0.71 lbs",1.88,1.88,7.38,0.71,N/A,Computer
"05/31/2025, 12:51 AM PDT","05/31/2025, 03:51 AM EDT","05/31/2025, 02:51 AM CDT","05/31/2025, 12:51 AM PDT",Claeys Old Fashioned Licorice Hard Candy 6oz,158368931,76067006705,Single,2,Claey's,Grocery,Hard Candy,N/A,N/A,9282237,https://i5.walmartimages.com/seo/Claeys-Old-Fashioned-Licorice-Hard-Candy-6oz_a08bc70b-c7e6-4387-82ac-26bb89ca1ef0_1.da5cefa238062f88cc7194434e45ea58.jpeg,,N/A,https://www.walmart.com/ip/158368931,1.64,https://www.amazon.com/dp/B00Z5PY4MK,https://www.amazon.com/s?k=Claeys%20Old%20Fashioned%20Licorice%20Hard%20Candy%206oz,https://www.ebay.com/sch/i.html?_nkw=Claeys%20Old%20Fashioned%20Licorice%20Hard%20Candy%206oz,https://www.google.com/search?q=Claeys%20Old%20Fashioned%20Licorice%20Hard%20Candy%206oz,https://seller.walmart.com/catalog/add-items?search=158368931,N/A,no,no,no,4,1,3,73,A&S Supplies USA,wfs,$7.49,61,$6.50,$8.99,7.49,1.64,0.68,9.04 %,41.27 %,6.65,1.85,1,$5.31,100+ units sold this month on Amazon,$5.17,$3.45,0,$0.60,8.00%,$0.01,1,$1.11,$0.30 /lb,$0.11,$0.00,$0.00,$0.00,$0.00,0,$0.00,4.2,18,"The listing has 2 variations,Pulling package information from B00Z5PY4MK via amazon.com","7.09, 4.49, 0.94 in, 0.37 lbs",7.09,4.49,0.94,0.37,N/A,Computer
"05/31/2025, 12:54 AM PDT","05/31/2025, 03:54 AM EDT","05/31/2025, 02:54 AM CDT","05/31/2025, 12:54 AM PDT",Frankford Claussen Easter Pickle Flavor Jelly Beans - 4oz,5277066281,41376714948,N/A,N/A,Claussen,Grocery,Jelly Beans,N/A,N/A,N/A,https://i5.walmartimages.com/seo/Frankford-Claussen-Easter-Pickle-Flavor-Jelly-Beans-4oz_92826702-095c-4309-a75d-e63d00559ea8.ae10bdaa46b051ce52c5cf57dc7c7081.jpeg,,N/A,https://www.walmart.com/ip/5277066281,1.7,N/A,https://www.amazon.com/s?k=Frankford%20Claussen%20Easter%20Pickle%20Flavor%20Jelly%20Beans%20-%204oz,https://www.ebay.com/sch/i.html?_nkw=Frankford%20Claussen%20Easter%20Pickle%20Flavor%20Jelly%20Beans%20-%204oz,https://www.google.com/search?q=Frankford%20Claussen%20Easter%20Pickle%20Flavor%20Jelly%20Beans%20-%204oz,https://seller.walmart.com/catalog/add-items?search=5277066281,N/A,no,no,no,12,8,4,209,Beauty Instyle,wfs,$8.27,5,$8.27,$18.50,8.27,1.7,1.37,16.62 %,80.86 %,6.70,2.46,1,NA,N/A,$5.20,$3.45,0,$0.66,8.00%,$0.01,1,$1.07,$0.30 /lb,$0.07,$0.00,$0.00,$0.00,$0.00,0,$0.00,2.4,17,"For better accuracy, we’ve used dimensions from B0CY3TSZYX to provide more precise estimates","5.98, 4.49, 0.75 in, 0.25 lbs",5.98,4.49,0.75,0.25,N/A,Computer
"05/31/2025, 03:58 AM PDT","05/31/2025, 06:58 AM EDT","05/31/2025, 05:58 AM CDT","05/31/2025, 03:58 AM PDT","Colavita Organic Balsamic Vinegar Of Modena Igp, 17 Fl Oz",31511549,39153413238,N/A,N/A,Colavita,Grocery,Vinegars,N/A,N/A,69364,https://i5.walmartimages.com/seo/Colavita-Organic-Balsamic-Vinegar-Of-Modena-Igp-17-Fl-Oz_554da0d3-adfe-4360-a3f7-b25c8978a276_1.8890921e33ca21b47114a6c63fa7f4e5.jpeg,,N/A,https://www.walmart.com/ip/31511549,6.23,https://www.amazon.com/dp/B00JI36ZHC,https://www.amazon.com/s?k=Colavita%20Organic%20Balsamic%20Vinegar%20Of%20Modena%20Igp%2C%2017%20Fl%20Oz,https://www.ebay.com/sch/i.html?_nkw=Colavita%20Organic%20Balsamic%20Vinegar%20Of%20Modena%20Igp%2C%2017%20Fl%20Oz,https://www.google.com/search?q=Colavita%20Organic%20Balsamic%20Vinegar%20Of%20Modena%20Igp%2C%2017%20Fl%20Oz,https://seller.walmart.com/catalog/add-items?search=31511549,N/A,yes,no,no,1,0,1,5,Squires Fine Jewelry Limited,mfn,$14.18,5,$14.18,$14.18,14.18,6.23,0.7,4.97 %,11.31 %,13.35,5.55,1,$55.83,N/A,$7.25,$5.45,0,$1.13,8.00%,$0.07,1,$0.59,$0.30 /lb,$0.59,$0.00,$0.00,$0.00,$0.00,0,$0.00,4.4,69,"For better accuracy, we’ve used dimensions from B000BTBR16 to provide more precise estimates,3 or less sellers","10.71, 4.37, 3.31 in, 1.98 lbs",10.71,4.37,3.31,1.98,N/A,Computer
"05/31/2025, 04:05 AM PDT","05/31/2025, 07:05 AM EDT","05/31/2025, 06:05 AM CDT","05/31/2025, 04:05 AM PDT","Colavita Crushed Tomatoes, 13.76 oz",696921346,39153500136,N/A,N/A,Colavita,Grocery,Canned & Jarred Vegetables,N/A,N/A,N/A,https://i5.walmartimages.com/seo/Colavita-Crushed-Tomatoes-13-76-oz_f30861a4-8a4a-457e-bc62-daf949e64d07.cdedd40a7a11cc4edbf8953aa8747341.jpeg,,N/A,https://www.walmart.com/ip/696921346,1.07,https://www.amazon.com/dp/B07J2LR5R6,https://www.amazon.com/s?k=Colavita%20Crushed%20Tomatoes%2C%2013.76%20oz,https://www.ebay.com/sch/i.html?_nkw=Colavita%20Crushed%20Tomatoes%2C%2013.76%20oz,https://www.google.com/search?q=Colavita%20Crushed%20Tomatoes%2C%2013.76%20oz,https://seller.walmart.com/catalog/add-items?search=696921346,N/A,no,yes,no,6,1,5,54,Abeeha Trading,wfs,$9.10,16,$9.10,$11.47,9.1,1.07,1.07,11.73 %,99.73 %,7.85,1.71,1,$10.62,1k+ units sold this month on Amazon,$6.96,$4.95,0,$0.73,8.00%,$0.01,1,$1.27,$0.30 /lb,$0.27,$0.00,$0.00,$0.00,$0.00,0,$0.00,4.7,142,Pulling package information from B07J2LR5R6 via amazon.com,"4.29, 3.39, 1.89 in, 0.91 lbs",4.29,3.39,1.89,0.91,N/A,Computer
"05/31/2025, 04:11 AM PDT","05/31/2025, 07:11 AM EDT","05/31/2025, 06:11 AM CDT","05/31/2025, 04:11 AM PDT","Colavita Premium Selection Extra Virgin Olive Oil, 34 Fl Oz",51448236,39153412798,N/A,N/A,Colavita,Grocery,Cooking Oils,N/A,N/A,L11,https://i5.walmartimages.com/seo/Colavita-Premium-Selection-Extra-Virgin-Olive-Oil-34-Fl-Oz_53ace952-82b9-4664-8a2b-dc0d58af0698.a688dacb49db1acf971f33d264708e83.jpeg,,N/A,https://www.walmart.com/ip/51448236,25.65,https://www.amazon.com/dp/B00J2MITI2,https://www.amazon.com/s?k=Colavita%20Premium%20Selection%20Extra%20Virgin%20Olive%20Oil%2C%2034%20Fl%20Oz,https://www.ebay.com/sch/i.html?_nkw=Colavita%20Premium%20Selection%20Extra%20Virgin%20Olive%20Oil%2C%2034%20Fl%20Oz,https://www.google.com/search?q=Colavita%20Premium%20Selection%20Extra%20Virgin%20Olive%20Oil%2C%2034%20Fl%20Oz,https://seller.walmart.com/catalog/add-items?search=51448236,N/A,no,no,no,2,0,2,41,DropAir,mfn,$42.99,30,$42.99,$43.99,42.99,25.65,4.72,10.97 %,18.39 %,37.35,24.29,1,$-0.04,N/A,$12.62,$5.45,0,$6.45,15.00%,$0.03,1,$0.69,$0.30 /lb,$0.69,$0.00,$0.00,$0.00,$0.00,0,$0.00,4.6,28,"Pulling package information from B00J2MITI2 via amazon.com,3 or less sellers","7.01, 4.09, 2.80 in, 2.30 lbs",7.01,4.09,2.80,2.30,N/A,Computer
"05/31/2025, 04:13 AM PDT","05/31/2025, 07:13 AM EDT","05/31/2025, 06:13 AM CDT","05/31/2025, 04:13 AM PDT","Colavita Prosecco Wine Vinegar, 17 Fluid Ounce",29951351,39153413108,N/A,N/A,Colavita,Grocery,Vinegars,N/A,N/A,00053795,https://i5.walmartimages.com/seo/Colavita-Prosecco-Wine-Vinegar-17-Fluid-Ounce_5c22e922-6f19-49bd-8af1-476ce66c23f3.faaa5ea6f014462f7e55085de1cc44b9.jpeg,,N/A,https://www.walmart.com/ip/29951351,5.29,https://www.amazon.com/dp/B079QCBSSV,https://www.amazon.com/s?k=Colavita%20Prosecco%20Wine%20Vinegar%2C%2017%20Fluid%20Ounce,https://www.ebay.com/sch/i.html?_nkw=Colavita%20Prosecco%20Wine%20Vinegar%2C%2017%20Fluid%20Ounce,https://www.google.com/search?q=Colavita%20Prosecco%20Wine%20Vinegar%2C%2017%20Fluid%20Ounce,https://seller.walmart.com/catalog/add-items?search=29951351,N/A,no,no,no,1,0,1,18,TEKWAINMART,mfn,$22.94,18,$22.94,$22.94,22.94,5.29,8.17,35.61 %,154.43 %,12.25,10.77,1,OOS,N/A,$9.48,$5.45,0,$3.44,15.00%,$0.03,1,$0.56,$0.30 /lb,$0.56,$0.00,$0.00,$0.00,$0.00,0,$0.00,5,19,3 or less sellers,"2.78, 2.78, 10.31 in, 1.85 lbs",2.78,2.78,10.31,1.85,N/A,Computer
"05/31/2025, 04:19 AM PDT","05/31/2025, 07:19 AM EDT","05/31/2025, 06:19 AM CDT","05/31/2025, 04:19 AM PDT","Colavita Balsamic Vinegar Of Modena Igp, 17 Fl Oz",10535480,39153413009,Single,2,Colavita,Grocery,Vinegars,N/A,N/A,V15A,https://i5.walmartimages.com/seo/Colavita-Balsamic-Vinegar-Of-Modena-Igp-17-Fl-Oz_a5b88176-d2ea-4cd4-b05c-0fbd40fef0c4_2.5ca67f4d65ec1b4bbefe4415e2b58efc.jpeg,,N/A,https://www.walmart.com/ip/10535480,4.29,https://www.amazon.com/dp/B000SR5EKQ,https://www.amazon.com/s?k=Colavita%20Balsamic%20Vinegar%20Of%20Modena%20Igp%2C%2017%20Fl%20Oz,https://www.ebay.com/sch/i.html?_nkw=Colavita%20Balsamic%20Vinegar%20Of%20Modena%20Igp%2C%2017%20Fl%20Oz,https://www.google.com/search?q=Colavita%20Balsamic%20Vinegar%20Of%20Modena%20Igp%2C%2017%20Fl%20Oz,https://seller.walmart.com/catalog/add-items?search=10535480,N/A,no,no,no,1,0,1,6,13145379 Inc.,mfn,$12.00,6,$12.00,$12.00,12,4.29,0.7,5.86 %,16.40 %,11.15,3.99,1,OOS,50+ units sold this month on Amazon,$7.01,$5.45,0,$0.96,8.00%,$0.04,1,$0.56,$0.30 /lb,$0.56,$0.00,$0.00,$0.00,$0.00,0,$0.00,4.5,97,"The listing has 2 variations,3 or less sellers","3.31, 3.31, 8.75 in, 1.85 lbs",3.31,3.31,8.75,1.85,N/A,Computer
"05/31/2025, 04:20 AM PDT","05/31/2025, 07:20 AM EDT","05/31/2025, 06:20 AM CDT","05/31/2025, 04:20 AM PDT","Colavita Red Wine Vinegar, 17 Fluid Ounce",31015611,39153413054,N/A,N/A,Colavita,Grocery,Vinegars,N/A,N/A,0253906,https://i5.walmartimages.com/seo/Colavita-Red-Wine-Vinegar-17-Fluid-Ounce_fa98e8d8-6e0d-4834-8e34-702b1b307c61.798426b3ca72692f32f6f75ec5d0f2ab.jpeg,,N/A,https://www.walmart.com/ip/31015611,3.19,https://www.amazon.com/dp/B00H1CJG00,https://www.amazon.com/s?k=Colavita%20Red%20Wine%20Vinegar%2C%2017%20Fluid%20Ounce,https://www.ebay.com/sch/i.html?_nkw=Colavita%20Red%20Wine%20Vinegar%2C%2017%20Fluid%20Ounce,https://www.google.com/search?q=Colavita%20Red%20Wine%20Vinegar%2C%2017%20Fluid%20Ounce,https://seller.walmart.com/catalog/add-items?search=31015611,N/A,no,no,no,2,0,2,42,WF Market,mfn,$11.85,36,$11.85,$17.07,11.85,3.19,2.39,20.18 %,74.97 %,0.00,4.47,1,$11.07,800+ units sold this month on Amazon,$6.27,$4.95,0,$0.95,8.00%,$0.03,1,$0.34,$0.30 /lb,$0.34,$0.00,$0.00,$0.00,$0.00,0,$0.00,4.2,29,3 or less sellers,"2.78, 2.78, 10.31 in, 1.12 lbs",2.78,2.78,10.31,1.12,N/A,Computer
"05/31/2025, 04:23 AM PDT","05/31/2025, 07:23 AM EDT","05/31/2025, 06:23 AM CDT","05/31/2025, 04:23 AM PDT",Cole's Wild Mackerel in Olive Oil,45791862,891953001028,Single,2,Cole's,Grocery,Canned & Jarred Seafood,N/A,N/A,1372085,https://i5.walmartimages.com/seo/Cole-s-Wild-Mackerel-in-Olive-Oil_253692bd-1194-482d-992c-efc0f53b1ae4.532229bb404ccdcc21790d9ec9680f50.png,,N/A,https://www.walmart.com/ip/45791862,4.38,https://www.amazon.com/dp/B00EJXSLW8,https://www.amazon.com/s?k=Cole's%20Wild%20Mackerel%20in%20Olive%20Oil,https://www.ebay.com/sch/i.html?_nkw=Cole's%20Wild%20Mackerel%20in%20Olive%20Oil,https://www.google.com/search?q=Cole's%20Wild%20Mackerel%20in%20Olive%20Oil,https://seller.walmart.com/catalog/add-items?search=45791862,N/A,no,no,no,1,0,1,2,That Warehouse LLC,mfn,$9.96,2,$9.96,$9.96,9.96,4.38,0.24,2.36 %,5.37 %,9.60,3.69,1,$6.80,500+ units sold this month on Amazon,$5.34,$3.45,0,$0.80,8.00%,$0.00,1,$1.09,$0.30 /lb,$0.09,$0.00,$0.00,$0.00,$0.00,0,$0.00,4.2,25,"The listing has 2 variations,Pulling package information from B00EJXSLW8 via amazon.com,3 or less sellers","4.09, 2.36, 1.14 in, 0.31 lbs",4.09,2.36,1.14,0.31,N/A,Computer
"05/31/2025, 05:00 AM PDT","05/31/2025, 08:00 AM EDT","05/31/2025, 07:00 AM CDT","05/31/2025, 05:00 AM PDT","Cookie Pop OREO Popcorn, 5.25 oz.",472689773,814109021343,N/A,N/A,Cookie Pop,Grocery,Popcorns,N/A,N/A,N/A,https://i5.walmartimages.com/seo/Cookie-Pop-OREO-Popcorn-5-25-oz_bf82281d-f9b2-4267-882a-27b1745958f9.20e6a55de81c32245c19bbee4778072c.png,,N/A,https://www.walmart.com/ip/472689773,3.92,N/A,https://www.amazon.com/s?k=Cookie%20Pop%20OREO%20Popcorn%2C%205.25%20oz.,https://www.ebay.com/sch/i.html?_nkw=Cookie%20Pop%20OREO%20Popcorn%2C%205.25%20oz.,https://www.google.com/search?q=Cookie%20Pop%20OREO%20Popcorn%2C%205.25%20oz.,https://seller.walmart.com/catalog/add-items?search=472689773,N/A,no,no,no,4,0,4,14,Apricus Essentials,mfn,$11.72,6,$11.72,$13.90,11.72,3.92,3.21,27.37 %,81.82 %,9.25,5.70,1,NA,N/A,$4.59,$3.45,0,$0.94,8.00%,$0.10,1,$0.10,$0.30 /lb,$0.10,$0.00,$0.00,$0.00,$0.00,0,$0.00,4.1,113,"For better accuracy, we’ve used dimensions from B08SJHM7WD to provide more precise estimates","10.87, 7.28, 2.91 in, 0.35 lbs",10.87,7.28,2.91,0.35,N/A,Computer
"06/01/2025, 11:42 PM PDT","06/02/2025, 02:42 AM EDT","06/02/2025, 01:42 AM CDT","06/01/2025, 11:42 PM PDT","Starburst Fave Reds Cotton Candy, 3.1 Oz",1240462659,655956009234,"3.1 oz, Single",2,Starburst,Grocery,Cotton Candy,N/A,22578,N/A,https://i5.walmartimages.com/seo/Starburst-Fave-Reds-Cotton-Candy-3-1-Oz_4d5ea932-076d-42f7-aa8d-d08b4ac695c7.bdbabe2360853f8f5384233ade57ae1e.jpeg,,N/A,https://www.walmart.com/ip/1240462659,2.8,N/A,https://www.amazon.com/s?k=Starburst%20Fave%20Reds%20Cotton%20Candy%2C%203.1%20Oz,https://www.ebay.com/sch/i.html?_nkw=Starburst%20Fave%20Reds%20Cotton%20Candy%2C%203.1%20Oz,https://www.google.com/search?q=Starburst%20Fave%20Reds%20Cotton%20Candy%2C%203.1%20Oz,https://seller.walmart.com/catalog/add-items?search=1240462659,N/A,no,no,no,2,1,1,14,SARONITE,wfs,$10.99,4,$10.99,$11.39,10.99,2.8,3.75,34.11 %,133.90 %,7.90,5.24,1,NA,N/A,$4.44,$3.45,0,$0.88,8.00%,$0.05,1,$0.06,$0.30 /lb,$0.06,$0.00,$0.00,$0.00,$0.00,0,$0.00,2.2,17,"The listing has 2 variations,3 or less sellers","6.00, 2.00, 10.50 in, 0.19 lbs",6.00,2.00,10.50,0.19,N/A,Computer
"06/01/2025, 11:49 PM PDT","06/02/2025, 02:49 AM EDT","06/02/2025, 01:49 AM CDT","06/01/2025, 11:49 PM PDT","Goetzes Candy 9707019 1 oz Cow Tales Caramel Apple Chewy Candy, Assorted - Pack of 36",103831824,70622921175,N/A,N/A,Goetze's Candy,Grocery,Chewy Candy,N/A,N/A,0,https://i5.walmartimages.com/seo/Goetzes-Candy-9707019-1-oz-Cow-Tales-Caramel-Apple-Chewy-Candy-Assorted-Pack-of-36_357b5dcb-e147-4927-9cb3-4d68e955435f.1d6338c8d24310994b4166e16a88203b.jpeg,,N/A,https://www.walmart.com/ip/103831824,14.04,N/A,https://www.amazon.com/s?k=Goetzes%20Candy%209707019%201%20oz%20Cow%20Tales%20Caramel%20Apple%20Chewy%20Candy%2C%20Assorted%20-%20Pack%20of%2036,https://www.ebay.com/sch/i.html?_nkw=Goetzes%20Candy%209707019%201%20oz%20Cow%20Tales%20Caramel%20Apple%20Chewy%20Candy%2C%20Assorted%20-%20Pack%20of%2036,https://www.google.com/search?q=Goetzes%20Candy%209707019%201%20oz%20Cow%20Tales%20Caramel%20Apple%20Chewy%20Candy%2C%20Assorted%20-%20Pack%20of%2036,https://seller.walmart.com/catalog/add-items?search=103831824,N/A,no,no,no,5,0,5,3237,SIM Supply Inc,mfn,$24.99,1649,$24.99,$33.43,24.99,14.04,0.93,3.71 %,6.60 %,23.80,11.97,1,NA,N/A,$10.02,$5.45,0,$3.75,15.00%,$0.06,1,$0.76,$0.30 /lb,$0.76,$0.00,$0.00,$0.00,$0.00,0,$0.00,1,1,"For better accuracy, we’ve used dimensions from B0D9YWJ96B to provide more precise estimates","9.02, 4.65, 3.43 in, 2.54 lbs",9.02,4.65,3.43,2.54,N/A,Computer
"06/01/2025, 11:55 PM PDT","06/02/2025, 02:55 AM EDT","06/02/2025, 01:55 AM CDT","06/01/2025, 11:55 PM PDT","Cracker Jack Caramel Coated Popcorn & Peanut, 1 Oz., 3 Count",13448649,30000029138,N/A,N/A,Cracker Jack,Grocery,Popcorns,N/A,N/A,02913,https://i5.walmartimages.com/seo/Cracker-Jack-Caramel-Coated-Popcorn-Peanut-1-Oz-3-Count_c5cc32a0-8f2b-4f3c-ad68-e5debfff38db.3b41d7d8f17515711cc0bb49164f3843.jpeg,,N/A,https://www.walmart.com/ip/13448649,1.53,https://www.amazon.com/dp/B000RLPJPI,https://www.amazon.com/s?k=Cracker%20Jack%20Caramel%20Coated%20Popcorn%20%26%20Peanut%2C%201%20Oz.%2C%203%20Count,https://www.ebay.com/sch/i.html?_nkw=Cracker%20Jack%20Caramel%20Coated%20Popcorn%20%26%20Peanut%2C%201%20Oz.%2C%203%20Count,https://www.google.com/search?q=Cracker%20Jack%20Caramel%20Coated%20Popcorn%20%26%20Peanut%2C%201%20Oz.%2C%203%20Count,https://seller.walmart.com/catalog/add-items?search=13448649,N/A,no,no,no,6,2,4,554,EmpriseDirect,wfs,$7.74,30,$7.70,$11.98,7.74,1.53,1.01,13.06 %,66.05 %,6.55,2.03,1,$6.39,50+ units sold this month on Amazon,$5.20,$3.45,0,$0.62,8.00%,$0.03,1,$1.10,$0.30 /lb,$0.10,$0.00,$0.00,$0.00,$0.00,0,$0.00,3.3,31,Pulling package information from B000RLPJPI via amazon.com,"6.10, 3.50, 2.72 in, 0.35 lbs",6.10,3.50,2.72,0.35,N/A,Computer
"06/02/2025, 12:05 AM PDT","06/02/2025, 03:05 AM EDT","06/02/2025, 02:05 AM CDT","06/02/2025, 12:05 AM PDT","Crispy Green 406403 2.54 oz Dried Mango, Pack of 8",1964797645,185255000606,1,15,Crispy Green,Grocery,Dried Fruits,N/A,N/A,N/A,https://i5.walmartimages.com/seo/Crispy-Green-406403-2-54-oz-Dried-Mango-Pack-of-8_42ae4a58-0992-4258-b4b9-4bac2e345c8b.4f1af9c7a0fae3f464a88e7576d689e7.jpeg,,N/A,https://www.walmart.com/ip/1964797645,57.52,https://www.amazon.com/dp/B0B3TRCMMV,https://www.amazon.com/s?k=Crispy%20Green%20406403%202.54%20oz%20Dried%20Mango%2C%20Pack%20of%208,https://www.ebay.com/sch/i.html?_nkw=Crispy%20Green%20406403%202.54%20oz%20Dried%20Mango%2C%20Pack%20of%208,https://www.google.com/search?q=Crispy%20Green%20406403%202.54%20oz%20Dried%20Mango%2C%20Pack%20of%208,https://seller.walmart.com/catalog/add-items?search=1964797645,N/A,no,no,no,4,0,4,49,UnbeatableSale Local,mfn,$74.87,16,$74.87,$88.98,74.87,57.52,2.46,3.29 %,4.28 %,71.90,47.98,1,$14.71,1k+ units sold this month on Amazon,$14.89,$3.45,0,$11.23,15.00%,$0.14,1,$0.07,$0.30 /lb,$0.07,$0.00,$0.00,$0.00,$0.00,0,$0.00,,0,"The listing has 15 variations,Pulling package information from B0B3TRCMMV via amazon.com","10.35, 8.31, 3.74 in, 0.23 lbs",10.35,8.31,3.74,0.23,N/A,Computer
"06/02/2025, 12:11 AM PDT","06/02/2025, 03:11 AM EDT","06/02/2025, 02:11 AM CDT","06/02/2025, 12:11 AM PDT",Atkinson's Mint Twists Crushed Peppermint Candy - 8-oz. Bag,929747366,41168398004,Single,2,Atkinson Candy,Grocery,Mint Candy,N/A,N/A,SUVELAM,https://i5.walmartimages.com/seo/Atkinson-s-Mint-Twists-Crushed-Peppermint-Candy-8-oz-Bag_0ddf5cf1-4a08-455a-b0b4-75db8542a408.caeb07fa32794f9802b435ef176f2660.jpeg,,N/A,https://www.walmart.com/ip/929747366,2.99,https://www.amazon.com/dp/B076DJWW4W,https://www.amazon.com/s?k=Atkinson's%20Mint%20Twists%20Crushed%20Peppermint%20Candy%20-%208-oz.%20Bag,https://www.ebay.com/sch/i.html?_nkw=Atkinson's%20Mint%20Twists%20Crushed%20Peppermint%20Candy%20-%208-oz.%20Bag,https://www.google.com/search?q=Atkinson's%20Mint%20Twists%20Crushed%20Peppermint%20Candy%20-%208-oz.%20Bag,https://seller.walmart.com/catalog/add-items?search=929747366,N/A,no,no,yes,10,8,1,579,Karwin Solutions LLC,wfs,$8.54,9,$8.53,$19.31,8.54,2.99,0.24,2.78 %,7.95 %,8.20,2.58,1,$6.49,200+ units sold this month on Amazon,$5.31,$3.45,0,$0.68,8.00%,$0.02,1,$1.16,$0.30 /lb,$0.16,$0.00,$0.00,$0.00,$0.00,0,$0.00,3,4,"The listing has 2 variations,Pulling package information from B076DJWW4W via amazon.com,Walmart.com is on the listing","9.57, 4.13, 1.18 in, 0.53 lbs",9.57,4.13,1.18,0.53,N/A,Computer
"06/02/2025, 12:53 AM PDT","06/02/2025, 03:53 AM EDT","06/02/2025, 02:53 AM CDT","06/02/2025, 12:53 AM PDT","Daelmans Caramel Stroopwafels, 10.94 oz, 8 Count",53760681,853754003342,Single,2,Daelmans,Grocery,Waffles,N/A,N/A,N/A,https://i5.walmartimages.com/seo/Daelmans-Caramel-Stroopwafels-10-94-oz-8-Count_ea168893-cdae-4a49-b2da-72c7017db429.9933c0c416bb64b7b563e65be283c260.jpeg,,N/A,https://www.walmart.com/ip/53760681,5.11,https://www.amazon.com/dp/B0118WL700,https://www.amazon.com/s?k=Daelmans%20Caramel%20Stroopwafels%2C%2010.94%20oz%2C%208%20Count,https://www.ebay.com/sch/i.html?_nkw=Daelmans%20Caramel%20Stroopwafels%2C%2010.94%20oz%2C%208%20Count,https://www.google.com/search?q=Daelmans%20Caramel%20Stroopwafels%2C%2010.94%20oz%2C%208%20Count,https://seller.walmart.com/catalog/add-items?search=53760681,N/A,no,yes,no,3,0,3,66,DS Merchandise ,mfn,$11.33,3,$11.33,$16.32,11.33,5.11,1.63,14.43 %,31.99 %,0.00,5.40,1,$6.36,N/A,$4.59,$3.45,0,$0.91,8.00%,$0.02,1,$0.20,$0.30 /lb,$0.20,$0.00,$0.00,$0.00,$0.00,0,$0.00,4.7,2166,"The listing has 2 variations,3 or less sellers","3.63, 3.63, 4.32 in, 0.68 lbs",3.63,3.63,4.32,0.68,N/A,Computer
"06/02/2025, 12:54 AM PDT","06/02/2025, 03:54 AM EDT","06/02/2025, 02:54 AM CDT","06/02/2025, 12:54 AM PDT","Daelmans Stroopwafels, Honey, 8 Waffles, 10.23 oz (290 g)",167009770,853754003359,N/A,N/A,Daelmans,Grocery,Waffles,N/A,N/A,03359,https://i5.walmartimages.com/seo/Daelmans-Stroopwafels-Honey-8-Waffles-10-23-oz-290-g_039c132d-75a2-403c-9d55-1f8200e03304.048cd045648d15344713156a49134ab0.jpeg,,N/A,https://www.walmart.com/ip/167009770,5.13,https://www.amazon.com/dp/B0118XEG02,https://www.amazon.com/s?k=Daelmans%20Stroopwafels%2C%20Honey%2C%208%20Waffles%2C%2010.23%20oz%20(290%20g),https://www.ebay.com/sch/i.html?_nkw=Daelmans%20Stroopwafels%2C%20Honey%2C%208%20Waffles%2C%2010.23%20oz%20(290%20g),https://www.google.com/search?q=Daelmans%20Stroopwafels%2C%20Honey%2C%208%20Waffles%2C%2010.23%20oz%20(290%20g),https://seller.walmart.com/catalog/add-items?search=167009770,N/A,no,no,no,2,0,2,41,iHerb,mfn,$11.35,21,$11.35,$19.97,11.35,5.13,1.64,14.49 %,32.06 %,0.00,5.42,1,$9.99,N/A,$4.58,$3.45,0,$0.91,8.00%,$0.03,1,$0.19,$0.30 /lb,$0.19,$0.00,$0.00,$0.00,$0.00,0,$0.00,4.7,594,3 or less sellers,"3.80, 3.75, 4.55 in, 0.63 lbs",3.80,3.75,4.55,0.63,N/A,Computer
"06/02/2025, 12:55 AM PDT","06/02/2025, 03:55 AM EDT","06/02/2025, 02:55 AM CDT","06/02/2025, 12:55 AM PDT",Daelmans Mini Caramel Stroopwafel Resealable Pouch,111474330,853754003335,N/A,N/A,Daelmans,Grocery,Cookies,N/A,N/A,3335,https://i5.walmartimages.com/seo/Daelmans-Mini-Caramel-Stroopwafel-Resealable-Pouch_c6556011-2984-406d-89f9-fe8c9a5f52e5.37d107a0fe90bac29a9e382e4994f5c1.jpeg,,N/A,https://www.walmart.com/ip/111474330,3.59,https://www.amazon.com/dp/B015JSOXM8,https://www.amazon.com/s?k=Daelmans%20Mini%20Caramel%20Stroopwafel%20Resealable%20Pouch,https://www.ebay.com/sch/i.html?_nkw=Daelmans%20Mini%20Caramel%20Stroopwafel%20Resealable%20Pouch,https://www.google.com/search?q=Daelmans%20Mini%20Caramel%20Stroopwafel%20Resealable%20Pouch,https://seller.walmart.com/catalog/add-items?search=111474330,N/A,no,no,no,1,0,1,502,iHerb,mfn,$10.17,502,$10.17,$10.17,10.17,3.59,2.17,21.30 %,60.35 %,8.80,4.61,1,$7.82,100+ units sold this month on Amazon,$4.41,$3.45,0,$0.81,8.00%,$0.05,1,$0.10,$0.30 /lb,$0.10,$0.00,$0.00,$0.00,$0.00,0,$0.00,,0,"Pulling package information from B015JSOXM8 via amazon.com,3 or less sellers","7.99, 5.98, 2.17 in, 0.35 lbs",7.99,5.98,2.17,0.35,N/A,Computer
"06/02/2025, 12:57 AM PDT","06/02/2025, 03:57 AM EDT","06/02/2025, 02:57 AM CDT","06/02/2025, 12:57 AM PDT",Darrell Lea Soft Australian Licorice Allsorts 7oz Bag - NON-GMO & NO HFCS - America's #1 Soft Eating Licorice Brand!,851243926,811737079623,N/A,N/A,Darrell Lea,Grocery,Licorice Candy,N/A,N/A,N/A,https://i5.walmartimages.com/seo/Darrell-Lea-Soft-Australian-Licorice-Allsorts-7oz-Bag-NON-GMO-NO-HFCS-America-s-1-Soft-Eating-Licorice-Brand_e5c6f923-096c-4ed0-a260-c6fe76b0878c.a68fe59cb10bc9b69e49e7946904f712.jpeg,,N/A,https://www.walmart.com/ip/851243926,2.97,https://www.amazon.com/dp/B07Q9Z5VJG,https://www.amazon.com/s?k=Darrell%20Lea%20Soft%20Australian%20Licorice%20Allsorts%207oz%20Bag%20-%20NON-GMO%20%26%20NO%20HFCS%20-%20America's%20%231%20Soft%20Eating%20Licorice%20Brand!,https://www.ebay.com/sch/i.html?_nkw=Darrell%20Lea%20Soft%20Australian%20Licorice%20Allsorts%207oz%20Bag%20-%20NON-GMO%20%26%20NO%20HFCS%20-%20America's%20%231%20Soft%20Eating%20Licorice%20Brand!,https://www.google.com/search?q=Darrell%20Lea%20Soft%20Australian%20Licorice%20Allsorts%207oz%20Bag%20-%20NON-GMO%20%26%20NO%20HFCS%20-%20America's%20%231%20Soft%20Eating%20Licorice%20Brand!,https://seller.walmart.com/catalog/add-items?search=851243926,N/A,no,no,no,1,1,0,30,VL Store,wfs,$9.99,30,$9.99,$9.99,9.99,2.97,1.6,16.03 %,53.94 %,8.15,3.66,1,$7.58,200+ units sold this month on Amazon,$5.42,$3.45,0,$0.80,8.00%,$0.03,1,$1.14,$0.30 /lb,$0.14,$0.00,$0.00,$0.00,$0.00,0,$0.00,4.5,2,"Pulling package information from B07Q9Z5VJG via amazon.com,3 or less sellers","7.68, 5.91, 1.57 in, 0.46 lbs",7.68,5.91,1.57,0.46,N/A,Computer
"06/02/2025, 01:01 AM PDT","06/02/2025, 04:01 AM EDT","06/02/2025, 03:01 AM CDT","06/02/2025, 01:01 AM PDT","Drogheria & Alimentari All Natural Pink Himalayan Salt Mill, 3.18 oz Bottle",53859847,656385000380,N/A,N/A,Drogheria & Alimentari,Grocery,Salt,N/A,N/A,ALI00038,https://i5.walmartimages.com/seo/Drogheria-Alimentari-All-Natural-Pink-Himalayan-Salt-Mill-3-18-oz-Bottle_d4ff4b8e-e45e-44b2-9147-0750694d3614.eb6afe325f2477beee478bcf5d1ddae6.jpeg,,N/A,https://www.walmart.com/ip/53859847,3.53,https://www.amazon.com/dp/B07BCF8887,https://www.amazon.com/s?k=Drogheria%20%26%20Alimentari%20All%20Natural%20Pink%20Himalayan%20Salt%20Mill%2C%203.18%20oz%20Bottle,https://www.ebay.com/sch/i.html?_nkw=Drogheria%20%26%20Alimentari%20All%20Natural%20Pink%20Himalayan%20Salt%20Mill%2C%203.18%20oz%20Bottle,https://www.google.com/search?q=Drogheria%20%26%20Alimentari%20All%20Natural%20Pink%20Himalayan%20Salt%20Mill%2C%203.18%20oz%20Bottle,https://seller.walmart.com/catalog/add-items?search=53859847,N/A,no,yes,no,5,2,3,212,ARCSOLUTIONS,wfs,$9.10,29,$9.10,$10.08,9.1,3.53,0.24,2.66 %,6.85 %,8.75,3.02,1,$21.11,N/A,$5.33,$3.45,0,$0.73,8.00%,$0.01,1,$1.14,$0.30 /lb,$0.14,$0.00,$0.00,$0.00,$0.00,0,$0.00,4.9,16,N/A,"2.21, 2.21, 4.33 in, 0.47 lbs",2.21,2.21,4.33,0.47,N/A,Computer
"06/02/2025, 01:02 AM PDT","06/02/2025, 04:02 AM EDT","06/02/2025, 03:02 AM CDT","06/02/2025, 01:02 AM PDT","Drogheria & Alimentari Kosher All Natural Mediterranean Salt Mill, 3.18 oz Bottle",31091003,656385363003,N/A,N/A,Drogheria & Alimentari,Grocery,Salt,N/A,N/A,ALI63003,https://i5.walmartimages.com/seo/Drogheria-Alimentari-All-Natural-Mediterranean-Salt-Mill-3-18-oz_4e78fe12-cb94-4458-9dc2-5c6469a8b200.6df8a2cea7cefc92313a9251410cc2e3.jpeg,,N/A,https://www.walmart.com/ip/31091003,3.53,https://www.amazon.com/dp/B004ULSG1K,https://www.amazon.com/s?k=Drogheria%20%26%20Alimentari%20Kosher%20All%20Natural%20Mediterranean%20Salt%20Mill%2C%203.18%20oz%20Bottle,https://www.ebay.com/sch/i.html?_nkw=Drogheria%20%26%20Alimentari%20Kosher%20All%20Natural%20Mediterranean%20Salt%20Mill%2C%203.18%20oz%20Bottle,https://www.google.com/search?q=Drogheria%20%26%20Alimentari%20Kosher%20All%20Natural%20Mediterranean%20Salt%20Mill%2C%203.18%20oz%20Bottle,https://seller.walmart.com/catalog/add-items?search=31091003,N/A,no,no,no,3,0,3,156,SANTARA,mfn,$9.54,10,$9.54,$10.68,9.54,3.53,0.65,6.78 %,18.32 %,8.75,3.34,1,$7.58,100+ units sold this month on Amazon,$5.36,$3.45,0,$0.76,8.00%,$0.01,1,$1.14,$0.30 /lb,$0.14,$0.00,$0.00,$0.00,$0.00,0,$0.00,4.9,119,3 or less sellers,"2.21, 2.21, 4.33 in, 0.47 lbs",2.21,2.21,4.33,0.47,N/A,Computer
"06/02/2025, 01:13 AM PDT","06/02/2025, 04:13 AM EDT","06/02/2025, 03:13 AM CDT","06/02/2025, 01:13 AM PDT","Dai Day Duck Sauce Sweet And Sour, 40 Oz.",43437269,70258041216,N/A,N/A,Dai Day,Grocery,Cooking Sauces & Marinades,N/A,N/A,00358045,https://i5.walmartimages.com/seo/Dai-Day-Duck-Sauce-Sweet-And-Sour-40-Oz_e038f06c-a194-4dfd-b3dd-d0a8c47b5ceb.e4022b9ecd8c22ec04a2c171c689db3f.jpeg,,N/A,https://www.walmart.com/ip/43437269,3.38,https://www.amazon.com/dp/B0049J0O9U,https://www.amazon.com/s?k=Dai%20Day%20Duck%20Sauce%20Sweet%20And%20Sour%2C%2040%20Oz.,https://www.ebay.com/sch/i.html?_nkw=Dai%20Day%20Duck%20Sauce%20Sweet%20And%20Sour%2C%2040%20Oz.,https://www.google.com/search?q=Dai%20Day%20Duck%20Sauce%20Sweet%20And%20Sour%2C%2040%20Oz.,https://seller.walmart.com/catalog/add-items?search=43437269,N/A,no,yes,no,6,3,3,309,Fletho,wfs,$12.18,143,$11.55,$21.95,12.18,3.38,1.02,8.39 %,30.24 %,11.00,3.52,1,$47.00,N/A,$7.78,$5.75,0,$0.97,8.00%,$0.04,1,$1.01,$0.30 /lb,$1.01,$0.00,$0.00,$0.00,$0.00,0,$0.00,3.3,10,"For better accuracy, we’ve used dimensions from B00E3X3U5C to provide more precise estimates","7.05, 3.74, 3.70 in, 3.37 lbs",7.05,3.74,3.70,3.37,N/A,Computer
"06/02/2025, 01:24 AM PDT","06/02/2025, 04:24 AM EDT","06/02/2025, 03:24 AM CDT","06/02/2025, 01:24 AM PDT",Breton/Dare - Crackers - Herb and Garlic - Case of 6 - 4.76 oz.,45736583,55653688105,N/A,N/A,Breton,Grocery,Snack Crackers,BRETON/DARE,N/A,BHBAZUSF0518A1403,https://i5.walmartimages.com/seo/Breton-Dare-Crackers-Herb-and-Garlic-Case-of-6-4-76-oz_390c0342-9756-4b15-ace9-7dd7f30ef093.58c38be716f601e2a7fe70f7cf5009d2.jpeg,,N/A,https://www.walmart.com/ip/45736583,2.48,https://www.amazon.com/dp/B00FTBYPGU,https://www.amazon.com/s?k=Breton%2FDare%20-%20Crackers%20-%20Herb%20and%20Garlic%20-%20Case%20of%206%20-%204.76%20oz.,https://www.ebay.com/sch/i.html?_nkw=Breton%2FDare%20-%20Crackers%20-%20Herb%20and%20Garlic%20-%20Case%20of%206%20-%204.76%20oz.,https://www.google.com/search?q=Breton%2FDare%20-%20Crackers%20-%20Herb%20and%20Garlic%20-%20Case%20of%206%20-%204.76%20oz.,https://seller.walmart.com/catalog/add-items?search=45736583,N/A,no,no,no,1,0,1,2,DE ELLA SUPPLIES,mfn,$9.89,2,$9.89,$9.89,9.89,2.48,2.02,20.41 %,81.37 %,7.60,3.60,1,$7.69,N/A,$5.39,$3.45,0,$0.79,8.00%,$0.05,1,$1.10,$0.30 /lb,$0.10,$0.00,$0.00,$0.00,$0.00,0,$0.00,4.4,74,"Pulling package information from B00FTBYPGU via amazon.com,3 or less sellers","8.07, 4.80, 2.72 in, 0.35 lbs",8.07,4.80,2.72,0.35,N/A,Computer
"06/02/2025, 01:26 AM PDT","06/02/2025, 04:26 AM EDT","06/02/2025, 03:26 AM CDT","06/02/2025, 01:26 AM PDT","Dare Premium Maple Crème Flavored Cookies, 10.6 oz",103792611,55653111351,N/A,N/A,Dare,Grocery,Cookies,N/A,N/A,739854,https://i5.walmartimages.com/seo/Dare-Premium-Maple-Cr-me-Flavored-Cookies-10-6-oz_ddd63712-17c9-44df-8e43-10721a46911f.54ea25ff2c31d5cac2b0d0293d827ca2.jpeg,,N/A,https://www.walmart.com/ip/103792611,2.42,https://www.amazon.com/dp/B000SRGV1M,https://www.amazon.com/s?k=Dare%20Premium%20Maple%20Cr%C3%A8me%20Flavored%20Cookies%2C%2010.6%20oz,https://www.ebay.com/sch/i.html?_nkw=Dare%20Premium%20Maple%20Cr%C3%A8me%20Flavored%20Cookies%2C%2010.6%20oz,https://www.google.com/search?q=Dare%20Premium%20Maple%20Cr%C3%A8me%20Flavored%20Cookies%2C%2010.6%20oz,https://seller.walmart.com/catalog/add-items?search=103792611,N/A,no,no,no,6,2,4,81,Marny Store,wfs,$9.99,4,$9.99,$19.97,9.99,2.42,0.54,5.39 %,22.26 %,9.30,2.37,1,$50.99,N/A,$7.03,$4.95,0,$0.80,8.00%,$0.05,1,$1.24,$0.30 /lb,$0.24,$0.00,$0.00,$0.00,$0.00,0,$0.00,4,5,"Pulling package information from B000SRGV1M via amazon.com,User edited dimensions/weight","8.11, 5.08, 2.52 in, 0.79 lbs",8.11,5.08,2.52,0.79,N/A,Computer
"06/02/2025, 03:45 AM PDT","06/02/2025, 06:45 AM EDT","06/02/2025, 05:45 AM CDT","06/02/2025, 03:45 AM PDT","Darrell Lea Strawberry Licorice, 7 oz. Bag, Regular  Size",36316566,811737007510,N/A,N/A,Darrell Lea,Grocery,Licorice Candy,N/A,N/A,DL07939,https://i5.walmartimages.com/seo/Darrell-Lea-Strawberry-Licorice-7-oz-Bag-Regular-Size_bff7ea19-1374-4e71-8c2d-104f529c4bae.21bcd863ce0c915c516c5b5e0f2dd9fa.jpeg,,N/A,https://www.walmart.com/ip/36316566,2.97,https://www.amazon.com/dp/B00D97M072,https://www.amazon.com/s?k=Darrell%20Lea%20Strawberry%20Licorice%2C%207%20oz.%20Bag%2C%20Regular%20%20Size,https://www.ebay.com/sch/i.html?_nkw=Darrell%20Lea%20Strawberry%20Licorice%2C%207%20oz.%20Bag%2C%20Regular%20%20Size,https://www.google.com/search?q=Darrell%20Lea%20Strawberry%20Licorice%2C%207%20oz.%20Bag%2C%20Regular%20%20Size,https://seller.walmart.com/catalog/add-items?search=36316566,N/A,no,no,no,8,5,3,189,www.yumecandy.com,mfn,$7.75,122,$7.75,$11.85,10,2.97,2.62,26.20 %,88.20 %,8.15,4.47,1,$9.44,N/A,$4.41,$3.45,0,$0.80,8.00%,$0.02,1,$0.14,$0.30 /lb,$0.14,$0.00,$0.00,$0.00,$0.00,0,$0.00,4.1,15,"For better accuracy, we’ve used dimensions from B005GTV9S2 to provide more precise estimates","7.91, 5.16, 1.26 in, 0.46 lbs",7.91,5.16,1.26,0.46,N/A,Computer
"06/02/2025, 03:50 AM PDT","06/02/2025, 06:50 AM EDT","06/02/2025, 05:50 AM CDT","06/02/2025, 03:50 AM PDT","Pirouline Chocolate Hazelnut Creme Filled Rolled Wafers - 14.1oz Tin, 32 Cookies",26690402,42456005055,Single,2,Pirouline,Grocery,Cookies,N/A,N/A,05051,https://i5.walmartimages.com/seo/Pirouline-Chocolate-Hazelnut-Creme-Filled-Rolled-Wafers-14-1oz-Tin-32-Cookies_18695811-2476-4c6f-89e7-e351731f5b01.c48d8b6176278e6cc23ec08db6133631.jpeg,,N/A,https://www.walmart.com/ip/26690402,6.57,https://www.amazon.com/dp/B07D4PS5TR,https://www.amazon.com/s?k=Pirouline%20Chocolate%20Hazelnut%20Creme%20Filled%20Rolled%20Wafers%20-%2014.1oz%20Tin%2C%2032%20Cookies,https://www.ebay.com/sch/i.html?_nkw=Pirouline%20Chocolate%20Hazelnut%20Creme%20Filled%20Rolled%20Wafers%20-%2014.1oz%20Tin%2C%2032%20Cookies,https://www.google.com/search?q=Pirouline%20Chocolate%20Hazelnut%20Creme%20Filled%20Rolled%20Wafers%20-%2014.1oz%20Tin%2C%2032%20Cookies,https://seller.walmart.com/catalog/add-items?search=26690402,Best seller,no,no,no,4,0,4,262,EPIC GIFTS CO,mfn,$13.95,3,$13.95,$23.89,13.95,6.57,0.08,0.55 %,1.17 %,13.80,5.32,1,OOS,N/A,$7.30,$5.45,0,$1.12,8.00%,$0.05,1,$0.69,$0.30 /lb,$0.69,$0.00,$0.00,$0.00,$0.00,0,$0.00,4,52,"The listing has 2 variations,For better accuracy, we’ve used dimensions from B0D185TFGP to provide more precise estimates","6.65, 4.21, 4.13 in, 2.29 lbs",6.65,4.21,4.13,2.29,N/A,Computer
"06/02/2025, 04:27 AM PDT","06/02/2025, 07:27 AM EDT","06/02/2025, 06:27 AM CDT","06/02/2025, 04:27 AM PDT",Daelmans Jumbo Chocolate Caramel Stroopwafels Cube 8 ct,668410218,811288030036,N/A,N/A,Daelmans,Grocery,Waffles,N/A,N/A,N/A,https://i5.walmartimages.com/seo/Daelmans-Jumbo-Chocolate-Caramel-Stroopwafels-Cube-8-ct_a3ca9ad5-49d4-4afb-931e-d5af4c327309.1c0fd0c06eb3e07c891abdb595e915b1.jpeg,,N/A,https://www.walmart.com/ip/668410218,5.02,N/A,https://www.amazon.com/s?k=Daelmans%20Jumbo%20Chocolate%20Caramel%20Stroopwafels%20Cube%208%20ct,https://www.ebay.com/sch/i.html?_nkw=Daelmans%20Jumbo%20Chocolate%20Caramel%20Stroopwafels%20Cube%208%20ct,https://www.google.com/search?q=Daelmans%20Jumbo%20Chocolate%20Caramel%20Stroopwafels%20Cube%208%20ct,https://seller.walmart.com/catalog/add-items?search=668410218,N/A,no,no,no,2,0,2,832,iHerb,mfn,$11.35,43,$11.35,$86.83,11.35,5.02,1.74,15.34 %,34.68 %,0.00,5.41,1,NA,N/A,$4.59,$3.45,0,$0.91,8.00%,$0.03,1,$0.20,$0.30 /lb,$0.20,$0.00,$0.00,$0.00,$0.00,0,$0.00,4.6,75,"For better accuracy, we’ve used dimensions from B079PYRDVH to provide more precise estimates,3 or less sellers","4.45, 3.78, 3.74 in, 0.68 lbs",4.45,3.78,3.74,0.68,N/A,Computer
"06/02/2025, 04:34 AM PDT","06/02/2025, 07:34 AM EDT","06/02/2025, 06:34 AM CDT","06/02/2025, 04:34 AM PDT","Sour Cream & Onion Kettle Chips, 2oz, 24 Ct",162120559,850668000498,"Sour Cream & Onion, 24",8,Deep River Snacks,Grocery,Snack Chips,Deep River Snacks,N/A,N/A,https://i5.walmartimages.com/seo/Sour-Cream-Onion-Kettle-Chips-2oz-24-Ct_51d361b2-148b-47d4-a7be-f2daf0917056.61b6f4e382ce182527b0882e60f464a0.jpeg,,N/A,https://www.walmart.com/ip/162120559,1.11,https://www.amazon.com/dp/B06Y5KLZ3M,https://www.amazon.com/s?k=Sour%20Cream%20%26%20Onion%20Kettle%20Chips%2C%202oz%2C%2024%20Ct,https://www.ebay.com/sch/i.html?_nkw=Sour%20Cream%20%26%20Onion%20Kettle%20Chips%2C%202oz%2C%2024%20Ct,https://www.google.com/search?q=Sour%20Cream%20%26%20Onion%20Kettle%20Chips%2C%202oz%2C%2024%20Ct,https://seller.walmart.com/catalog/add-items?search=162120559,N/A,no,no,no,0,0,0,0,N/A,N/A,0,,,Price,16.98,1.11,1.95,11.50 %,175.95 %,13.50,2.45,1,$51.55,N/A,$13.92,$9.35,0,$2.55,15.00%,$0.76,1,$1.26,$0.30 /lb,$1.26,$0.00,$0.00,$0.00,$0.00,0,$0.00,3.5,26,"The listing has 8 variations,Walmart.com is on the listing,Pulling package information from B06Y5KLZ3M via amazon.com,3 or less sellers","19.49, 12.01, 7.48 in, 4.20 lbs",19.49,12.01,7.48,4.20,N/A,Computer
"06/02/2025, 04:36 AM PDT","06/02/2025, 07:36 AM EDT","06/02/2025, 06:36 AM CDT","06/02/2025, 04:36 AM PDT","Sweet Maui Onion Kettle Chips, 2-Ounce Bags (Pack of 24)",114483240,850668000443,N/A,N/A,Deep River Snacks,Grocery,Snack Chips,Deep River Snacks,N/A,17117,https://i5.walmartimages.com/seo/Sweet-Maui-Onion-Kettle-Chips-2-Ounce-Bags-Pack-of-24_de1cdfcc-2e9f-48c2-a15c-729d5744e16d.b2f6e7e19a46052d22fd92cb3a23eeaf.jpeg,,N/A,https://www.walmart.com/ip/114483240,1.11,https://www.amazon.com/dp/B01MQ4I2MD,https://www.amazon.com/s?k=Sweet%20Maui%20Onion%20Kettle%20Chips%2C%202-Ounce%20Bags%20(Pack%20of%2024),https://www.ebay.com/sch/i.html?_nkw=Sweet%20Maui%20Onion%20Kettle%20Chips%2C%202-Ounce%20Bags%20(Pack%20of%2024),https://www.google.com/search?q=Sweet%20Maui%20Onion%20Kettle%20Chips%2C%202-Ounce%20Bags%20(Pack%20of%2024),https://seller.walmart.com/catalog/add-items?search=114483240,N/A,no,no,no,0,0,0,0,N/A,N/A,0,,,Price,16.98,1.11,1.58,9.32 %,142.51 %,13.90,2.15,1,$45.98,N/A,$14.29,$9.75,0,$2.55,15.00%,$0.78,1,$1.21,$0.30 /lb,$1.21,$0.00,$0.00,$0.00,$0.00,0,$0.00,3.8,18,"Walmart.com is on the listing,Pulling package information from B01MQ4I2MD via amazon.com,Our systems detected unusual package dimensions and/or weight. Double check that everything is correct.,3 or less sellers","19.80, 12.01, 7.52 in, 4.05 lbs",19.80,12.01,7.52,4.05,N/A,Computer
"06/02/2025, 04:37 AM PDT","06/02/2025, 07:37 AM EDT","06/02/2025, 06:37 AM CDT","06/02/2025, 04:37 AM PDT","Zesty Jalapeno Kettle Chips, 2oz, 24 Ct",172867123,850668000436,"Jalapeno, 24",8,Deep River Snacks,Grocery,Snack Chips,Deep River Snacks,N/A,17116,https://i5.walmartimages.com/seo/Zesty-Jalapeno-Kettle-Chips-2oz-24-Ct_d03b78d7-f975-4dbd-be91-7553678343c9.8331d7cf5f83901d78ff467e79499d6a.jpeg,,N/A,https://www.walmart.com/ip/172867123,1.11,N/A,https://www.amazon.com/s?k=Zesty%20Jalapeno%20Kettle%20Chips%2C%202oz%2C%2024%20Ct,https://www.ebay.com/sch/i.html?_nkw=Zesty%20Jalapeno%20Kettle%20Chips%2C%202oz%2C%2024%20Ct,https://www.google.com/search?q=Zesty%20Jalapeno%20Kettle%20Chips%2C%202oz%2C%2024%20Ct,https://seller.walmart.com/catalog/add-items?search=172867123,N/A,no,no,no,0,0,0,0,N/A,N/A,0,,,Price,16.98,1.11,1.56,9.17 %,140.32 %,13.90,2.13,1,NA,N/A,$14.31,$9.75,0,$2.55,15.00%,$0.77,1,$1.25,$0.30 /lb,$1.25,$0.00,$0.00,$0.00,$0.00,0,$0.00,3.5,26,"The listing has 8 variations,Walmart.com is on the listing,For better accuracy, we’ve used dimensions from B002C50XBW to provide more precise estimates,Our systems detected unusual package dimensions and/or weight. Double check that everything is correct.,3 or less sellers","19.76, 12.01, 7.48 in, 4.15 lbs",19.76,12.01,7.48,4.15,N/A,Computer
"06/02/2025, 04:49 AM PDT","06/02/2025, 07:49 AM EDT","06/02/2025, 06:49 AM CDT","06/02/2025, 04:49 AM PDT","Dentyne Pure Mint with Herbal Accents Sugar Free Gum, 10 Packs of 9 Pieces (90 Total Pieces)",179157771,12546032353,N/A,N/A,Dentyne,Grocery,Chewing Gum,N/A,N/A,012546032353,https://i5.walmartimages.com/seo/Dentyne-Pure-Mint-with-Herbal-Accents-Sugar-Free-Gum-10-Packs-of-9-Pieces-90-Total-Pieces_4907d34c-d3e7-4faf-8207-1f9ae3a0f58b.4db5e2e7c27c627f392e565b9662d863.jpeg,,N/A,https://www.walmart.com/ip/179157771,12.89,https://www.amazon.com/dp/B00J14KF74,https://www.amazon.com/s?k=Dentyne%20Pure%20Mint%20with%20Herbal%20Accents%20Sugar%20Free%20Gum%2C%2010%20Packs%20of%209%20Pieces%20(90%20Total%20Pieces),https://www.ebay.com/sch/i.html?_nkw=Dentyne%20Pure%20Mint%20with%20Herbal%20Accents%20Sugar%20Free%20Gum%2C%2010%20Packs%20of%209%20Pieces%20(90%20Total%20Pieces),https://www.google.com/search?q=Dentyne%20Pure%20Mint%20with%20Herbal%20Accents%20Sugar%20Free%20Gum%2C%2010%20Packs%20of%209%20Pieces%20(90%20Total%20Pieces),https://seller.walmart.com/catalog/add-items?search=179157771,N/A,no,no,no,7,0,7,118,Citystarproducts,mfn,$22.20,10,$22.00,$25.71,22.2,12.89,2.48,11.16 %,19.22 %,19.20,12.29,1,$38.94,N/A,$6.83,$3.45,0,$3.33,15.00%,$0.02,1,$0.03,$0.30 /lb,$0.03,$0.00,$0.00,$0.00,$0.00,0,$0.00,4.7,89,N/A,"5.69, 3.59, 2.49 in, 0.10 lbs",5.69,3.59,2.49,0.10,N/A,Computer
"06/02/2025, 04:53 AM PDT","06/02/2025, 07:53 AM EDT","06/02/2025, 06:53 AM CDT","06/02/2025, 04:53 AM PDT","Desert Pepper Medium Corn Black Bean Red Pepper Salsa, 16 oz",15056224,719212799755,Single,2,Desert Pepper,Grocery,Salsas,N/A,N/A,61316,https://i5.walmartimages.com/seo/Desert-Pepper-Medium-Corn-Black-Bean-Red-Pepper-Salsa-16-oz_916d1a75-17d6-4368-8aec-b4c3ffdf4280_1.f0598959bf949d20fda10e93f736d3ff.jpeg,,N/A,https://www.walmart.com/ip/15056224,3.9,https://www.amazon.com/dp/B07G9LCRC6,https://www.amazon.com/s?k=Desert%20Pepper%20Medium%20Corn%20Black%20Bean%20Red%20Pepper%20Salsa%2C%2016%20oz,https://www.ebay.com/sch/i.html?_nkw=Desert%20Pepper%20Medium%20Corn%20Black%20Bean%20Red%20Pepper%20Salsa%2C%2016%20oz,https://www.google.com/search?q=Desert%20Pepper%20Medium%20Corn%20Black%20Bean%20Red%20Pepper%20Salsa%2C%2016%20oz,https://seller.walmart.com/catalog/add-items?search=15056224,N/A,yes,no,no,2,1,1,31,Food E Concepts,wfs,$11.75,11,$11.70,$11.75,11.7,3.9,1.43,12.23 %,36.70 %,10.05,4.26,1,$18.09,N/A,$6.37,$4.95,0,$0.94,8.00%,$0.02,1,$0.46,$0.30 /lb,$0.46,$0.00,$0.00,$0.00,$0.00,0,$0.00,4.6,16,"The listing has 2 variations,For better accuracy, we’ve used dimensions from B01AYPT5IS to provide more precise estimates,3 or less sellers","4.21, 3.39, 3.35 in, 1.54 lbs",4.21,3.39,3.35,1.54,N/A,Computer
"06/03/2025, 12:04 AM PDT","06/03/2025, 03:04 AM EDT","06/03/2025, 02:04 AM CDT","06/03/2025, 12:04 AM PDT","Divina, Olives, Stuffed With Jalapeno Peppers, 13.4 Oz.",30995063,631723202756,N/A,N/A,Divina,Grocery,Olives,N/A,N/A,Stuffed Greek Olives - Jalapeno (7.8 ounce),https://i5.walmartimages.com/seo/Divina-Olives-Stuffed-With-Jalapeno-Peppers-13-4-Oz_6bf187c2-b9c5-4c09-9296-38f129cff566.ef6bf04ec2659e69cbdb6834368e037f.jpeg,,N/A,https://www.walmart.com/ip/30995063,4.83,https://www.amazon.com/dp/B000W112OU,https://www.amazon.com/s?k=Divina%2C%20Olives%2C%20Stuffed%20With%20Jalapeno%20Peppers%2C%2013.4%20Oz.,https://www.ebay.com/sch/i.html?_nkw=Divina%2C%20Olives%2C%20Stuffed%20With%20Jalapeno%20Peppers%2C%2013.4%20Oz.,https://www.google.com/search?q=Divina%2C%20Olives%2C%20Stuffed%20With%20Jalapeno%20Peppers%2C%2013.4%20Oz.,https://seller.walmart.com/catalog/add-items?search=30995063,N/A,no,no,no,1,0,1,6,Savoy Active,mfn,$18.99,6,$18.99,$18.99,18.99,4.83,5.94,31.27 %,122.96 %,11.00,8.62,1,$12.98,N/A,$8.22,$4.95,0,$2.85,15.00%,$0.02,1,$0.41,$0.30 /lb,$0.41,$0.00,$0.00,$0.00,$0.00,0,$0.00,4.7,29,"Pulling package information from B000W112OU via amazon.com,3 or less sellers","3.70, 3.31, 3.31 in, 1.35 lbs",3.70,3.31,3.31,1.35,N/A,Computer
"06/03/2025, 12:06 AM PDT","06/03/2025, 03:06 AM EDT","06/03/2025, 02:06 AM CDT","06/03/2025, 12:06 AM PDT","DIVINA SPECIALTY SPREAD, ORANGE FIG, 9 OZ.",974911239,631723203814,N/A,N/A,Divina,Grocery,"Jams, Jellies & Preserves",N/A,N/A,HG1931955,https://i5.walmartimages.com/seo/DIVINA-SPECIALTY-SPREAD-ORANGE-FIG-9-OZ_2a871d2d-6961-4b85-9ea6-b493e77782dd.1984eff3c012576bbb35c9b6663994d5.jpeg,,N/A,https://www.walmart.com/ip/974911239,4,https://www.amazon.com/dp/B01DEDJF82,https://www.amazon.com/s?k=DIVINA%20SPECIALTY%20SPREAD%2C%20ORANGE%20FIG%2C%209%20OZ.,https://www.ebay.com/sch/i.html?_nkw=DIVINA%20SPECIALTY%20SPREAD%2C%20ORANGE%20FIG%2C%209%20OZ.,https://www.google.com/search?q=DIVINA%20SPECIALTY%20SPREAD%2C%20ORANGE%20FIG%2C%209%20OZ.,https://seller.walmart.com/catalog/add-items?search=974911239,N/A,no,no,no,3,2,1,19,Nature's Health,wfs,$10.51,5,$10.51,$16.28,10.51,4,0.38,3.62 %,9.52 %,10.00,3.50,1,$8.69,100+ units sold this month on Amazon,$6.13,$4.95,0,$0.84,8.00%,$0.05,1,$0.28,$0.30 /lb,$0.28,$0.00,$0.00,$0.00,$0.00,0,$0.00,5,2,"Pulling package information from B01DEDJF82 via amazon.com,3 or less sellers","6.81, 5.12, 3.54 in, 0.95 lbs",6.81,5.12,3.54,0.95,N/A,Computer
"06/03/2025, 01:03 AM PDT","06/03/2025, 04:03 AM EDT","06/03/2025, 03:03 AM CDT","06/03/2025, 01:03 AM PDT","Dots, Easter Springtime, Grape, Mango, Strawberry, Pineapple, Chewy Candy, 6 oz.  Peanut Free, Gluten Free.",5443414577,71720085097,N/A,N/A,Dots,Grocery,Chewy Candy,N/A,N/A,N/A,https://i5.walmartimages.com/seo/Dots-Easter-Springtime-Grape-Mango-Strawberry-Pineapple-Chewy-Candy-6-oz-Peanut-Free-Gluten-Free_f3417239-91a5-4050-8905-4ea707976701.e277f98447c48dc7b8de8401c6649cf2.jpeg,,N/A,https://www.walmart.com/ip/5443414577,1.51,https://www.amazon.com/dp/B0F5WCVNVC,https://www.amazon.com/s?k=Dots%2C%20Easter%20Springtime%2C%20Grape%2C%20Mango%2C%20Strawberry%2C%20Pineapple%2C%20Chewy%20Candy%2C%206%20oz.%20%20Peanut%20Free%2C%20Gluten%20Free.,https://www.ebay.com/sch/i.html?_nkw=Dots%2C%20Easter%20Springtime%2C%20Grape%2C%20Mango%2C%20Strawberry%2C%20Pineapple%2C%20Chewy%20Candy%2C%206%20oz.%20%20Peanut%20Free%2C%20Gluten%20Free.,https://www.google.com/search?q=Dots%2C%20Easter%20Springtime%2C%20Grape%2C%20Mango%2C%20Strawberry%2C%20Pineapple%2C%20Chewy%20Candy%2C%206%20oz.%20%20Peanut%20Free%2C%20Gluten%20Free.,https://seller.walmart.com/catalog/add-items?search=5443414577,N/A,yes,no,no,2,0,2,14,Rebel 21,mfn,$7.95,3,$7.90,$7.95,7.9,1.51,1.14,14.47 %,75.70 %,6.55,2.12,1,OOS,N/A,$5.25,$3.45,0,$0.63,8.00%,$0.01,1,$1.15,$0.30 /lb,$0.15,$0.00,$0.00,$0.00,$0.00,0,$0.00,3.6,12,"For better accuracy, we’ve used dimensions from B01KKEKRTY to provide more precise estimates,3 or less sellers","5.87, 3.82, 1.22 in, 0.51 lbs",5.87,3.82,1.22,0.51,N/A,Computer
"06/03/2025, 01:04 AM PDT","06/03/2025, 04:04 AM EDT","06/03/2025, 03:04 AM CDT","06/03/2025, 01:04 AM PDT","Tootsie, Dots Assorted Fruit Flavored Gumdrops, 6.5 oz. Peanut-Free, Gluten Free.",50912472,71720870006,N/A,N/A,Dots,Grocery,Gummy Candy,N/A,N/A,85000,https://i5.walmartimages.com/seo/Tootsie-Dots-Assorted-Fruit-Flavored-Gumdrops-6-5-Oz_9cab1e57-ccd8-476e-87a2-973023e49179.75ca4ff1d08addd8416b39e2e75fe676.jpeg,,N/A,https://www.walmart.com/ip/50912472,1.24,https://www.amazon.com/dp/B01KKEKRTY,https://www.amazon.com/s?k=Tootsie%2C%20Dots%20Assorted%20Fruit%20Flavored%20Gumdrops%2C%206.5%20oz.%20Peanut-Free%2C%20Gluten%20Free.,https://www.ebay.com/sch/i.html?_nkw=Tootsie%2C%20Dots%20Assorted%20Fruit%20Flavored%20Gumdrops%2C%206.5%20oz.%20Peanut-Free%2C%20Gluten%20Free.,https://www.google.com/search?q=Tootsie%2C%20Dots%20Assorted%20Fruit%20Flavored%20Gumdrops%2C%206.5%20oz.%20Peanut-Free%2C%20Gluten%20Free.,https://seller.walmart.com/catalog/add-items?search=50912472,Best seller,no,yes,no,10,0,10,1425,Shop The King,mfn,$7.08,213,$7.07,$13.14,7.08,1.24,0.66,9.30 %,53.12 %,6.30,1.52,1,$6.99,400+ units sold this month on Amazon,$5.18,$3.45,0,$0.57,8.00%,$0.01,1,$1.15,$0.30 /lb,$0.15,$0.00,$0.00,$0.00,$0.00,0,$0.00,4.2,95,Pulling package information from B01KKEKRTY via amazon.com,"5.87, 3.82, 1.22 in, 0.51 lbs",5.87,3.82,1.22,0.51,N/A,Computer
"06/03/2025, 01:14 AM PDT","06/03/2025, 04:14 AM EDT","06/03/2025, 03:14 AM CDT","06/03/2025, 01:14 AM PDT","Dr. Bronner's Magic Soap - Almond- Pure-Castile Liquid Soap - 16 oz – for face, body wash, hands",16671464,18787761168,N/A,N/A,Dr. Bronner's,Health & Personal Care,Body Washes & Shower Gels,Dr. Bronner's,N/A,018787761168,https://i5.walmartimages.com/seo/Dr-Bronner-s-Magic-Soap-Almond-Pure-Castile-Liquid-Soap-16-oz-for-face-body-wash-hands_692b77bc-2e67-422d-a2ba-9f9e0f5dc7f1.4a971761b725a8e8ac22558d448b8784.png,,N/A,https://www.walmart.com/ip/16671464,8.72,https://www.amazon.com/dp/B002LM3NCM,https://www.amazon.com/s?k=Dr.%20Bronner's%20Magic%20Soap%20-%20Almond-%20Pure-Castile%20Liquid%20Soap%20-%2016%20oz%20%E2%80%93%20for%20face%2C%20body%20wash%2C%20hands,https://www.ebay.com/sch/i.html?_nkw=Dr.%20Bronner's%20Magic%20Soap%20-%20Almond-%20Pure-Castile%20Liquid%20Soap%20-%2016%20oz%20%E2%80%93%20for%20face%2C%20body%20wash%2C%20hands,https://www.google.com/search?q=Dr.%20Bronner's%20Magic%20Soap%20-%20Almond-%20Pure-Castile%20Liquid%20Soap%20-%2016%20oz%20%E2%80%93%20for%20face%2C%20body%20wash%2C%20hands,https://seller.walmart.com/catalog/add-items?search=16671464,N/A,no,yes,no,2,0,2,13,Quality N Discount Store,mfn,$23.90,9,$23.90,$28.94,23.9,8.72,5.37,22.49 %,61.63 %,17.50,11.28,1,$34.49,N/A,$9.81,$5.45,0,$3.58,15.00%,$0.04,1,$0.73,$0.30 /lb,$0.73,$0.00,$0.00,$0.00,$0.00,0,$0.00,4.9,353,"Pulling package information from B002LM3NCM via amazon.com,3 or less sellers","7.72, 4.88, 2.20 in, 2.45 lbs",7.72,4.88,2.20,2.45,N/A,Computer
"06/03/2025, 01:15 AM PDT","06/03/2025, 04:15 AM EDT","06/03/2025, 03:15 AM CDT","06/03/2025, 01:15 AM PDT","Dr. Bronner's Magic Soap - Almond - Pure-Castile Liquid Soap - 32 oz – for face, body wash, hands",16672125,18787771327,N/A,N/A,Dr. Bronner's,Health & Personal Care,Body Washes & Shower Gels,Dr. Bronner's,N/A,OLAL32,https://i5.walmartimages.com/seo/Dr-Bronner-s-Magic-Soap-Almond-Pure-Castile-Liquid-Soap-32-oz-for-face-body-wash-hands_6a44b7b9-8709-4f00-8003-3110fd13d381.1efd24631f950b85e626a1d0a7d84fa4.png,,N/A,https://www.walmart.com/ip/16672125,14.26,https://www.amazon.com/dp/B002LMI11K,https://www.amazon.com/s?k=Dr.%20Bronner's%20Magic%20Soap%20-%20Almond%20-%20Pure-Castile%20Liquid%20Soap%20-%2032%20oz%20%E2%80%93%20for%20face%2C%20body%20wash%2C%20hands,https://www.ebay.com/sch/i.html?_nkw=Dr.%20Bronner's%20Magic%20Soap%20-%20Almond%20-%20Pure-Castile%20Liquid%20Soap%20-%2032%20oz%20%E2%80%93%20for%20face%2C%20body%20wash%2C%20hands,https://www.google.com/search?q=Dr.%20Bronner's%20Magic%20Soap%20-%20Almond%20-%20Pure-Castile%20Liquid%20Soap%20-%2032%20oz%20%E2%80%93%20for%20face%2C%20body%20wash%2C%20hands,https://seller.walmart.com/catalog/add-items?search=16672125,"100+ bought since yesterday, try a subscription",no,no,yes,2,0,1,105,Walmart.com,wmt,$16.97,99,$16.97,$35.95,31,14.26,5.9,19.04 %,41.38 %,23.95,16.13,1,OOS,N/A,$10.84,$5.45,0,$4.65,15.00%,$0.03,1,$0.71,$0.30 /lb,$0.71,$0.00,$0.00,$0.00,$0.00,0,$0.00,4.9,668,"Walmart.com is on the listing,Pulling package information from B002LMI11K via amazon.com,3 or less sellers","7.09, 3.15, 3.15 in, 2.36 lbs",7.09,3.15,3.15,2.36,N/A,Computer
"06/03/2025, 01:16 AM PDT","06/03/2025, 04:16 AM EDT","06/03/2025, 03:16 AM CDT","06/03/2025, 01:16 AM PDT","Dr. Bronner's 18-In-1 Hemp Pure-Castile Soap Almond, 8.0 FL OZ",28663254,18787771082,N/A,N/A,Dr. Bronner's,Health & Personal Care,Bath Soaps,N/A,N/A,HG0329177,https://i5.walmartimages.com/seo/Dr-Bronner-s-18-In-1-Hemp-Pure-Castile-Soap-Almond-8-0-FL-OZ_27597228-b17d-4034-874d-0e3501cc5ec4.15d76adf960966dfea92081f645ddbf0.jpeg,,N/A,https://www.walmart.com/ip/28663254,5.32,https://www.amazon.com/dp/B005GTV87E,https://www.amazon.com/s?k=Dr.%20Bronner's%2018-In-1%20Hemp%20Pure-Castile%20Soap%20Almond%2C%208.0%20FL%20OZ,https://www.ebay.com/sch/i.html?_nkw=Dr.%20Bronner's%2018-In-1%20Hemp%20Pure-Castile%20Soap%20Almond%2C%208.0%20FL%20OZ,https://www.google.com/search?q=Dr.%20Bronner's%2018-In-1%20Hemp%20Pure-Castile%20Soap%20Almond%2C%208.0%20FL%20OZ,https://seller.walmart.com/catalog/add-items?search=28663254,N/A,no,no,no,3,2,1,62,Shop for Days,wfs,$13.94,34,$13.16,$13.94,13.94,5.32,0.48,3.44 %,9.00 %,13.30,4.64,1,$31.56,N/A,$8.14,$5.45,0,$2.09,15.00%,$0.00,1,$0.60,$0.30 /lb,$0.60,$0.00,$0.00,$0.00,$0.00,0,$0.00,4.8,307,3 or less sellers,"0.01, 1.00, 0.01 in, 2.00 lbs",0.01,1.00,0.01,2.00,N/A,Computer
"06/03/2025, 01:18 AM PDT","06/03/2025, 04:18 AM EDT","06/03/2025, 03:18 AM CDT","06/03/2025, 01:18 AM PDT",Dr. Bronner's Organic Pure Castile Liquid Soap Baby Mild Unscented 8 fl oz,28663359,18787772089,N/A,N/A,Dr. Bronner's,Health & Personal Care,Body Washes & Shower Gels,Dr Bronner's,N/A,HG0329276,https://i5.walmartimages.com/seo/Dr-Bronner-s-Organic-Pure-Castile-Liquid-Soap-Baby-Mild-Unscented-8-fl-oz_b2ec4b84-8af4-448c-b318-553a96125733.0dd79aef8ee981292def852b2adc0bab.jpeg,,N/A,https://www.walmart.com/ip/28663359,5.32,https://www.amazon.com/dp/B000HJXQ9G,https://www.amazon.com/s?k=Dr.%20Bronner's%20Organic%20Pure%20Castile%20Liquid%20Soap%20Baby%20Mild%20Unscented%208%20fl%20oz,https://www.ebay.com/sch/i.html?_nkw=Dr.%20Bronner's%20Organic%20Pure%20Castile%20Liquid%20Soap%20Baby%20Mild%20Unscented%208%20fl%20oz,https://www.google.com/search?q=Dr.%20Bronner's%20Organic%20Pure%20Castile%20Liquid%20Soap%20Baby%20Mild%20Unscented%208%20fl%20oz,https://seller.walmart.com/catalog/add-items?search=28663359,N/A,yes,no,no,1,0,1,5,Color Beauty,mfn,$14.75,5,$14.75,$14.75,14.75,5.32,3.57,24.18 %,67.04 %,10.45,7.11,1,$7.49,9k+ units sold this month on Amazon,$5.86,$3.45,0,$2.21,15.00%,$0.02,1,$0.19,$0.30 /lb,$0.19,$0.00,$0.00,$0.00,$0.00,0,$0.00,4.8,412,"Pulling package information from B000HJXQ9G via amazon.com,3 or less sellers","6.54, 2.56, 2.09 in, 0.62 lbs",6.54,2.56,2.09,0.62,N/A,Computer
"06/03/2025, 01:21 AM PDT","06/03/2025, 04:21 AM EDT","06/03/2025, 03:21 AM CDT","06/03/2025, 01:21 AM PDT","Dr. Bronner's Magic Soap - Citrus - Pure-Castile Liquid Soap - 16 oz - for face, body wash, hands",26597429,18787777169,16 oz,2,Dr. Bronner's,Health & Personal Care,Body Washes & Shower Gels,Dr. Bronner's,N/A,HG0322123,https://i5.walmartimages.com/seo/Dr-Bronner-s-Pure-Castile-Liquid-Soap-Citrus-16-oz_95104da2-5d31-42e5-8887-18f5256cdfb4.acc8de497a78ff6ac3ec8a6ad8f31ce0.png,,N/A,https://www.walmart.com/ip/26597429,8.72,https://www.amazon.com/dp/B002LMNTGW,https://www.amazon.com/s?k=Dr.%20Bronner's%20Magic%20Soap%20-%20Citrus%20-%20Pure-Castile%20Liquid%20Soap%20-%2016%20oz%20-%20for%20face%2C%20body%20wash%2C%20hands,https://www.ebay.com/sch/i.html?_nkw=Dr.%20Bronner's%20Magic%20Soap%20-%20Citrus%20-%20Pure-Castile%20Liquid%20Soap%20-%2016%20oz%20-%20for%20face%2C%20body%20wash%2C%20hands,https://www.google.com/search?q=Dr.%20Bronner's%20Magic%20Soap%20-%20Citrus%20-%20Pure-Castile%20Liquid%20Soap%20-%2016%20oz%20-%20for%20face%2C%20body%20wash%2C%20hands,https://seller.walmart.com/catalog/add-items?search=26597429,N/A,yes,no,no,1,0,1,113,DK Hardware,mfn,$27.64,113,$27.64,$27.64,27.64,8.72,11.13,40.28 %,127.69 %,14.45,15.88,1,$25.34,N/A,$7.79,$3.45,0,$4.15,15.00%,$0.01,1,$0.18,$0.30 /lb,$0.18,$0.00,$0.00,$0.00,$0.00,0,$0.00,4.8,1247,"The listing has 2 variations,For better accuracy, we’ve used dimensions from B00URREHD2 to provide more precise estimates,3 or less sellers","6.34, 1.89, 1.89 in, 0.60 lbs",6.34,1.89,1.89,0.60,N/A,Computer
"06/03/2025, 01:24 AM PDT","06/03/2025, 04:24 AM EDT","06/03/2025, 03:24 AM CDT","06/03/2025, 01:24 AM PDT",Dr. Bronner's Regenerative Organic Whole Kernel Coconut Oil 14oz,27004745,18787505014,N/A,N/A,Dr. Bronner's,Grocery,Cooking Oils,N/A,N/A,0912071,https://i5.walmartimages.com/seo/Dr-Bronner-s-Regenerative-Organic-Whole-Kernel-Coconut-Oil-14oz_059faa7e-9dd5-4d3d-a2f5-57c87d43c4e7_2.066729c7cddbbc17f25669248d244794.jpeg,,N/A,https://www.walmart.com/ip/27004745,8.89,https://www.amazon.com/dp/B00CJ8IHOM,https://www.amazon.com/s?k=Dr.%20Bronner's%20Regenerative%20Organic%20Whole%20Kernel%20Coconut%20Oil%2014oz,https://www.ebay.com/sch/i.html?_nkw=Dr.%20Bronner's%20Regenerative%20Organic%20Whole%20Kernel%20Coconut%20Oil%2014oz,https://www.google.com/search?q=Dr.%20Bronner's%20Regenerative%20Organic%20Whole%20Kernel%20Coconut%20Oil%2014oz,https://seller.walmart.com/catalog/add-items?search=27004745,N/A,no,yes,no,8,3,5,120,BILAJ Store LLC,mfn,$17.45,10,$17.45,$25.88,17.45,8.89,0.49,2.82 %,5.54 %,16.80,7.51,1,$31.99,N/A,$8.07,$4.95,0,$2.62,15.00%,$0.02,1,$0.48,$0.30 /lb,$0.48,$0.00,$0.00,$0.00,$0.00,0,$0.00,4.8,225,Pulling package information from B00CJ8IHOM via amazon.com,"5.20, 2.99, 2.99 in, 1.60 lbs",5.20,2.99,2.99,1.60,N/A,Computer
"06/03/2025, 01:25 AM PDT","06/03/2025, 04:25 AM EDT","06/03/2025, 03:25 AM CDT","06/03/2025, 01:25 AM PDT","Dr. Bronner's Magic Soap - Eucalyptus - Pure-Castile Liquid Soap - 16 oz - for face, body wash, hands",16671456,18787763162,"16 oz, Eucalyptus",2,Dr. Bronner's,Health & Personal Care,Bath Soaps,N/A,N/A,HG0328906,https://i5.walmartimages.com/seo/Dr-Bronner-s-18-In-1-Hemp-Eucalyptus-Pure-Castile-Soap_312d8144-8c26-4adb-88f9-85700eb6dece.0111e55bffebef8623c96e7fcbc1c763.png,,N/A,https://www.walmart.com/ip/16671456,8.72,https://www.amazon.com/dp/B00A2F1J44,https://www.amazon.com/s?k=Dr.%20Bronner's%20Magic%20Soap%20-%20Eucalyptus%20-%20Pure-Castile%20Liquid%20Soap%20-%2016%20oz%20-%20for%20face%2C%20body%20wash%2C%20hands,https://www.ebay.com/sch/i.html?_nkw=Dr.%20Bronner's%20Magic%20Soap%20-%20Eucalyptus%20-%20Pure-Castile%20Liquid%20Soap%20-%2016%20oz%20-%20for%20face%2C%20body%20wash%2C%20hands,https://www.google.com/search?q=Dr.%20Bronner's%20Magic%20Soap%20-%20Eucalyptus%20-%20Pure-Castile%20Liquid%20Soap%20-%2016%20oz%20-%20for%20face%2C%20body%20wash%2C%20hands,https://seller.walmart.com/catalog/add-items?search=16671456,"Reviewers highlighted: eucalyptus, clean, shower",no,yes,no,1,0,1,411,DK Hardware,mfn,$27.64,411,$27.64,$27.64,27.64,8.72,9.45,34.18 %,108.33 %,16.45,14.53,1,$23.99,N/A,$9.47,$4.95,0,$4.15,15.00%,$0.02,1,$0.36,$0.30 /lb,$0.36,$0.00,$0.00,$0.00,$0.00,0,$0.00,4.6,568,"The listing has 2 variations,3 or less sellers","2.48, 2.48, 7.87 in, 1.19 lbs",2.48,2.48,7.87,1.19,N/A,Computer
"06/03/2025, 01:26 AM PDT","06/03/2025, 04:26 AM EDT","06/03/2025, 03:26 AM CDT","06/03/2025, 01:26 AM PDT","Dr. Bronner's Fair Trade & Organic Castile Liquid Soap - (Eucalyptus, 8 oz)",24819090,18787773086,N/A,N/A,Dr. Bronner's,Health & Personal Care,Bath Soaps,N/A,N/A,18787773321,https://i5.walmartimages.com/seo/Dr-Bronner-s-18-In-1-Hemp-Eucalyptus-Pure-Castile-Soap_7f235056-eb09-408c-bdda-b6abfe322631.6ece7190efca4ba05d767b5bcd9ebf53.jpeg,,N/A,https://www.walmart.com/ip/24819090,5.32,https://www.amazon.com/dp/B002LM9GUA,https://www.amazon.com/s?k=Dr.%20Bronner's%20Fair%20Trade%20%26%20Organic%20Castile%20Liquid%20Soap%20-%20(Eucalyptus%2C%208%20oz),https://www.ebay.com/sch/i.html?_nkw=Dr.%20Bronner's%20Fair%20Trade%20%26%20Organic%20Castile%20Liquid%20Soap%20-%20(Eucalyptus%2C%208%20oz),https://www.google.com/search?q=Dr.%20Bronner's%20Fair%20Trade%20%26%20Organic%20Castile%20Liquid%20Soap%20-%20(Eucalyptus%2C%208%20oz),https://seller.walmart.com/catalog/add-items?search=24819090,N/A,yes,no,no,1,1,0,1,Wasatch Goods,wfs,$15.89,1,$15.89,$15.89,15.89,5.32,2.93,18.41 %,54.99 %,12.35,6.60,1,$9.99,2k+ units sold this month on Amazon,$7.64,$4.95,0,$2.38,15.00%,$0.01,1,$0.30,$0.30 /lb,$0.30,$0.00,$0.00,$0.00,$0.00,0,$0.00,4.8,257,3 or less sellers,"2.00, 2.00, 6.30 in, 1.00 lbs",2.00,2.00,6.30,1.00,N/A,Computer
"06/03/2025, 01:28 AM PDT","06/03/2025, 04:28 AM EDT","06/03/2025, 03:28 AM CDT","06/03/2025, 01:28 AM PDT",Dr. Bronner's Organic Baby-Unscented Sugar Pump Soap 12oz,34828858,18787950043,N/A,N/A,Dr. Bronner's,Home & Garden,Soap & Lotion Dispensers,Dr. Bronner's,SD0504,DBR95004,https://i5.walmartimages.com/seo/Dr-Bronner-s-Organic-Baby-Unscented-Sugar-Pump-Soap-12oz_2126ac0c-3e12-4135-ad98-ba3d58ddb6ac_3.b7a7a862fd92720996bd2d3be042e920.jpeg,,N/A,https://www.walmart.com/ip/34828858,7.69,https://www.amazon.com/dp/B002LMIP7A,https://www.amazon.com/s?k=Dr.%20Bronner's%20Organic%20Baby-Unscented%20Sugar%20Pump%20Soap%2012oz,https://www.ebay.com/sch/i.html?_nkw=Dr.%20Bronner's%20Organic%20Baby-Unscented%20Sugar%20Pump%20Soap%2012oz,https://www.google.com/search?q=Dr.%20Bronner's%20Organic%20Baby-Unscented%20Sugar%20Pump%20Soap%2012oz,https://seller.walmart.com/catalog/add-items?search=34828858,N/A,no,no,no,4,2,2,32,LeoK,wfs,$16.25,7,$16.19,$23.50,16.25,7.69,0.83,5.14 %,10.86 %,15.20,6.82,1,OOS,N/A,$7.73,$4.95,0,$2.44,15.00%,$0.02,1,$0.32,$0.30 /lb,$0.32,$0.00,$0.00,$0.00,$0.00,0,$0.00,4.7,199,N/A,"2.63, 2.63, 6.50 in, 1.06 lbs",2.63,2.63,6.50,1.06,N/A,Computer
"06/03/2025, 01:30 AM PDT","06/03/2025, 04:30 AM EDT","06/03/2025, 03:30 AM CDT","06/03/2025, 01:30 AM PDT",Dr. Bronner's Organic Lavender Sugar Pump Soap 12oz,29304193,18787950012,12 oz,1,Dr. Bronner's,Health & Personal Care,Body Washes & Shower Gels,Dr. Bronner's,N/A,018787950012,https://i5.walmartimages.com/seo/Dr-Bronner-s-Organic-Lavender-Sugar-Pump-Soap-12oz_02d68e49-b0f9-4f9b-b23d-bfce48bd2a7a.2ad0510869c99af4e4447569a1f58e67.jpeg,,N/A,https://www.walmart.com/ip/29304193,7.69,https://www.amazon.com/dp/B0017QPLMI,https://www.amazon.com/s?k=Dr.%20Bronner's%20Organic%20Lavender%20Sugar%20Pump%20Soap%2012oz,https://www.ebay.com/sch/i.html?_nkw=Dr.%20Bronner's%20Organic%20Lavender%20Sugar%20Pump%20Soap%2012oz,https://www.google.com/search?q=Dr.%20Bronner's%20Organic%20Lavender%20Sugar%20Pump%20Soap%2012oz,https://seller.walmart.com/catalog/add-items?search=29304193,Best seller,no,yes,no,4,3,1,1711,LIVEBEAR,mfn,$16.99,1653,$16.99,$19.85,16.99,7.69,1.47,8.66 %,19.12 %,15.15,7.33,1,$16.70,N/A,$7.83,$4.95,0,$2.55,15.00%,$0.02,1,$0.31,$0.30 /lb,$0.31,$0.00,$0.00,$0.00,$0.00,0,$0.00,4.7,270,Pulling package information from B0017QPLMI via amazon.com,"6.22, 2.68, 2.60 in, 1.04 lbs",6.22,2.68,2.60,1.04,N/A,Computer
"06/03/2025, 01:31 AM PDT","06/03/2025, 04:31 AM EDT","06/03/2025, 03:31 AM CDT","06/03/2025, 01:31 AM PDT",Peppermint Sugar Pump Body Wash - 12 oz,39453999,18787950029,12 oz,1,Dr. Bronner's,Health & Personal Care,Body Washes & Shower Gels,Dr. Bronner's,N/A,DBR95002,https://i5.walmartimages.com/seo/Peppermint-Sugar-Pump-Body-Wash-12-oz_c4275631-fc87-4950-ae57-593f83f8781f.e3bf1f2c818e3eecea2e0ad50a39508e.jpeg,,N/A,https://www.walmart.com/ip/39453999,7.69,https://www.amazon.com/dp/B002LN3A8S,https://www.amazon.com/s?k=Peppermint%20Sugar%20Pump%20Body%20Wash%20-%2012%20oz,https://www.ebay.com/sch/i.html?_nkw=Peppermint%20Sugar%20Pump%20Body%20Wash%20-%2012%20oz,https://www.google.com/search?q=Peppermint%20Sugar%20Pump%20Body%20Wash%20-%2012%20oz,https://seller.walmart.com/catalog/add-items?search=39453999,"Reviewers highlighted: clean, peppermint, smell",no,no,no,4,1,3,1961,Treat Traders LLC,wfs,$17.99,9,$16.99,$24.83,17.99,7.69,2.32,12.87 %,30.11 %,15.15,8.00,1,$17.99,200+ units sold this month on Amazon,$7.98,$4.95,0,$2.70,15.00%,$0.02,1,$0.32,$0.30 /lb,$0.32,$0.00,$0.00,$0.00,$0.00,0,$0.00,4.8,365,Pulling package information from B002LN3A8S via amazon.com,"6.34, 2.56, 2.52 in, 1.06 lbs",6.34,2.56,2.52,1.06,N/A,Computer
"06/03/2025, 01:33 AM PDT","06/03/2025, 04:33 AM EDT","06/03/2025, 03:33 AM CDT","06/03/2025, 01:33 AM PDT",Dr. Bronner's Tea Tree Sugar Pump Body Wash - 12 oz,24819098,18787950036,N/A,N/A,Dr. Bronner's,Health & Personal Care,Body Washes & Shower Gels,Dr. Bronner's,N/A,DBR95003,https://i5.walmartimages.com/seo/Dr-Bronner-s-Tea-Tree-Sugar-Pump-Body-Wash-12-oz_a1b12822-5419-4327-8b32-25e15ce2633d.a2a535306fb0808b8bbe093a93f52c3d.jpeg,,N/A,https://www.walmart.com/ip/24819098,7.69,https://www.amazon.com/dp/B081D5ZCBM,https://www.amazon.com/s?k=Dr.%20Bronner's%20Tea%20Tree%20Sugar%20Pump%20Body%20Wash%20-%2012%20oz,https://www.ebay.com/sch/i.html?_nkw=Dr.%20Bronner's%20Tea%20Tree%20Sugar%20Pump%20Body%20Wash%20-%2012%20oz,https://www.google.com/search?q=Dr.%20Bronner's%20Tea%20Tree%20Sugar%20Pump%20Body%20Wash%20-%2012%20oz,https://seller.walmart.com/catalog/add-items?search=24819098,N/A,no,no,no,6,4,2,1766,Shop for Days,wfs,$14.99,45,$14.99,$18.39,14.99,7.69,-0.25,-1.64 %,-3.21 %,15.20,5.95,1,OOS,N/A,$7.55,$4.95,0,$2.25,15.00%,$0.03,1,$0.32,$0.30 /lb,$0.32,$0.00,$0.00,$0.00,$0.00,0,$0.00,4.7,151,"For better accuracy, we’ve used dimensions from B00GN6P3DE to provide more precise estimates","7.48, 3.50, 2.64 in, 1.06 lbs",7.48,3.50,2.64,1.06,N/A,Computer
"06/03/2025, 01:35 AM PDT","06/03/2025, 04:35 AM EDT","06/03/2025, 03:35 AM CDT","06/03/2025, 01:35 AM PDT",Dr. Bronner's Pure-Castile Bar Soap – Citrus – 5 oz,16671461,18787787052,N/A,N/A,Dr. Bronner's,Health & Personal Care,Bath Soaps,N/A,N/A,0329078,https://i5.walmartimages.com/seo/Dr-Bronner-s-Pure-Castile-Bar-Soap-Citrus-5-oz_d01f1543-208a-493d-b094-e38b7e684f9c.2bed4d08cb06ac5b02a1aa3c86afd0e1.jpeg,,N/A,https://www.walmart.com/ip/16671461,3.69,https://www.amazon.com/dp/B0001TSISQ,https://www.amazon.com/s?k=Dr.%20Bronner's%20Pure-Castile%20Bar%20Soap%20%E2%80%93%20Citrus%20%E2%80%93%205%20oz,https://www.ebay.com/sch/i.html?_nkw=Dr.%20Bronner's%20Pure-Castile%20Bar%20Soap%20%E2%80%93%20Citrus%20%E2%80%93%205%20oz,https://www.google.com/search?q=Dr.%20Bronner's%20Pure-Castile%20Bar%20Soap%20%E2%80%93%20Citrus%20%E2%80%93%205%20oz,https://seller.walmart.com/catalog/add-items?search=16671461,N/A,yes,yes,no,1,1,0,17,Shop for Days,wfs,$9.90,17,$9.90,$9.90,9.9,3.69,0.86,8.73 %,23.43 %,8.90,3.64,1,$6.49,N/A,$5.35,$3.45,0,$0.79,8.00%,$0.00,1,$1.10,$0.30 /lb,$0.10,$0.00,$0.00,$0.00,$0.00,0,$0.00,4.7,195,3 or less sellers,"3.62, 1.25, 2.25 in, 0.33 lbs",3.62,1.25,2.25,0.33,N/A,Computer
"06/03/2025, 01:36 AM PDT","06/03/2025, 04:36 AM EDT","06/03/2025, 03:36 AM CDT","06/03/2025, 01:36 AM PDT",Dr. Bronner's Pure-Castile Bar Soap – Eucalyptus – 5 oz,25920745,18787783054,N/A,N/A,Dr. Bronner's,Health & Personal Care,Bath Soaps,N/A,N/A,1,https://i5.walmartimages.com/seo/Dr-Bronner-s-Pure-Castile-Bar-Soap-Eucalyptus-5-oz_fe31bd8b-e5b5-4b9a-8c13-24ce385aa9ff_2.9e3fad9e393cee776ad594c10ed0e202.jpeg,,N/A,https://www.walmart.com/ip/25920745,3.69,https://www.amazon.com/dp/B013S0QNZ4,https://www.amazon.com/s?k=Dr.%20Bronner's%20Pure-Castile%20Bar%20Soap%20%E2%80%93%20Eucalyptus%20%E2%80%93%205%20oz,https://www.ebay.com/sch/i.html?_nkw=Dr.%20Bronner's%20Pure-Castile%20Bar%20Soap%20%E2%80%93%20Eucalyptus%20%E2%80%93%205%20oz,https://www.google.com/search?q=Dr.%20Bronner's%20Pure-Castile%20Bar%20Soap%20%E2%80%93%20Eucalyptus%20%E2%80%93%205%20oz,https://seller.walmart.com/catalog/add-items?search=25920745,N/A,no,yes,no,4,1,3,9,Mom and Pop Wholesale LLC,mfn,$11.86,1,$11.86,$13.95,11.86,3.69,2.84,23.93 %,76.90 %,8.90,5.22,1,$4.00,N/A,$5.33,$3.45,0,$1.78,15.00%,$0.00,1,$0.10,$0.30 /lb,$0.10,$0.00,$0.00,$0.00,$0.00,0,$0.00,4.8,154,N/A,"3.63, 1.25, 2.25 in, 0.33 lbs",3.63,1.25,2.25,0.33,N/A,Computer
"06/03/2025, 03:14 AM PDT","06/03/2025, 06:14 AM EDT","06/03/2025, 05:14 AM CDT","06/03/2025, 03:14 AM PDT",Dr. Bronner's Rose Bar Soap,28673504,18787788059,N/A,N/A,Dr. Bronner's,Health & Personal Care,Bath Soaps,N/A,N/A,1,https://i5.walmartimages.com/seo/Dr-Bronner-s-All-One-Hemp-Rose-Pure-Castile-Soap-Bar_a5221a0a-e27b-4f63-8cb4-b8e6921f7a0f.76096f3353cc41b536683a3d554945bf.jpeg,,N/A,https://www.walmart.com/ip/28673504,3.69,https://www.amazon.com/dp/B0001TSIR2,https://www.amazon.com/s?k=Dr.%20Bronner's%20Rose%20Bar%20Soap,https://www.ebay.com/sch/i.html?_nkw=Dr.%20Bronner's%20Rose%20Bar%20Soap,https://www.google.com/search?q=Dr.%20Bronner's%20Rose%20Bar%20Soap,https://seller.walmart.com/catalog/add-items?search=28673504,N/A,yes,no,no,3,1,2,62,N/A,N/A,0,31,$10.45,$16.98,10.45,3.69,1.64,15.68 %,44.42 %,8.90,4.26,1,$4.99,600+ units sold this month on Amazon,$5.12,$3.45,0,$1.57,15.00%,$0.00,1,$0.10,$0.30 /lb,$0.10,$0.00,$0.00,$0.00,$0.00,0,$0.00,4.8,165,3 or less sellers,"3.62, 1.25, 2.25 in, 0.33 lbs",3.62,1.25,2.25,0.33,N/A,Computer
"06/03/2025, 03:15 AM PDT","06/03/2025, 06:15 AM EDT","06/03/2025, 05:15 AM CDT","06/03/2025, 03:15 AM PDT","Dr. Bronner's Magic Bar Soap – Tea Tree - Pure-Castile Soap - 5 oz - for face, body, hands",28663311,18787786055,N/A,N/A,Dr. Bronner's,Health & Personal Care,Bath Soaps,N/A,N/A,1,https://i5.walmartimages.com/seo/Dr-Bronner-s-Pure-Castile-Bar-Soap-Tea-Tree-5-oz_628251f9-336b-4903-8d73-07fa12a434b7.9274f35a1fa590bb9c708a432b0f693f.jpeg,,N/A,https://www.walmart.com/ip/28663311,3.69,https://www.amazon.com/dp/B001E18GJG,https://www.amazon.com/s?k=Dr.%20Bronner's%20Magic%20Bar%20Soap%20%E2%80%93%20Tea%20Tree%20-%20Pure-Castile%20Soap%20-%205%20oz%20-%20for%20face%2C%20body%2C%20hands,https://www.ebay.com/sch/i.html?_nkw=Dr.%20Bronner's%20Magic%20Bar%20Soap%20%E2%80%93%20Tea%20Tree%20-%20Pure-Castile%20Soap%20-%205%20oz%20-%20for%20face%2C%20body%2C%20hands,https://www.google.com/search?q=Dr.%20Bronner's%20Magic%20Bar%20Soap%20%E2%80%93%20Tea%20Tree%20-%20Pure-Castile%20Soap%20-%205%20oz%20-%20for%20face%2C%20body%2C%20hands,https://seller.walmart.com/catalog/add-items?search=28663311,N/A,no,yes,no,2,2,0,17,Treat Traders LLC,wfs,$12.06,13,$12.06,$12.06,12.06,3.69,3.01,24.94 %,81.51 %,8.90,5.36,1,$12.95,N/A,$5.36,$3.45,0,$1.81,15.00%,$0.00,1,$0.10,$0.30 /lb,$0.10,$0.00,$0.00,$0.00,$0.00,0,$0.00,4.8,197,3 or less sellers,"3.62, 1.25, 2.25 in, 0.33 lbs",3.62,1.25,2.25,0.33,N/A,Computer
"06/03/2025, 03:16 AM PDT","06/03/2025, 06:16 AM EDT","06/03/2025, 05:16 AM CDT","06/03/2025, 03:16 AM PDT",Dr. Bronner's Organic Lip Balm – Unscented – .15 oz,39453429,18787920046,N/A,N/A,Dr. Bronner's,Beauty,Lip Balms & Conditioners,N/A,N/A,018787920046,https://i5.walmartimages.com/seo/Dr-Bronner-s-Organic-Lip-Balm-Unscented-15-oz_6cd8e487-e48f-4232-ba90-96d8b07842ac.d6d83354d7510ca49a6368ffc845f648.jpeg,,N/A,https://www.walmart.com/ip/39453429,2.77,https://www.amazon.com/dp/B000S83GO6,https://www.amazon.com/s?k=Dr.%20Bronner's%20Organic%20Lip%20Balm%20%E2%80%93%20Unscented%20%E2%80%93%20.15%20oz,https://www.ebay.com/sch/i.html?_nkw=Dr.%20Bronner's%20Organic%20Lip%20Balm%20%E2%80%93%20Unscented%20%E2%80%93%20.15%20oz,https://www.google.com/search?q=Dr.%20Bronner's%20Organic%20Lip%20Balm%20%E2%80%93%20Unscented%20%E2%80%93%20.15%20oz,https://seller.walmart.com/catalog/add-items?search=39453429,N/A,yes,no,no,3,3,0,50,Treat Traders LLC,wfs,$10.30,48,$10.30,$10.40,10.3,2.77,2.53,24.55 %,91.28 %,7.75,4.24,1,$7.25,1k+ units sold this month on Amazon,$5.00,$3.45,0,$1.54,15.00%,$0.00,1,$0.01,$0.30 /lb,$0.01,$0.00,$0.00,$0.00,$0.00,0,$0.00,4.8,145,3 or less sellers,"0.62, 0.62, 2.62 in, 0.02 lbs",0.62,0.62,2.62,0.02,N/A,Computer
"06/03/2025, 03:17 AM PDT","06/03/2025, 06:17 AM EDT","06/03/2025, 05:17 AM CDT","06/03/2025, 03:17 AM PDT",Dr. Bronner's Magic Organic Lip Balm Lemon Lime 0.15 oz Balm,39454144,18787920039,0.15 oz (4 g),1,Dr. Bronner's,Beauty,Lip Balms & Conditioners,N/A,N/A,DBR92003,https://i5.walmartimages.com/seo/Dr-Bronner-s-Organic-Lip-Balm-Lemon-Lime_aebf4f02-c73d-4e59-8bcb-501837db300d.e7a33c4795796442e6865d6b9b835cbe.jpeg,,N/A,https://www.walmart.com/ip/39454144,2.77,https://www.amazon.com/dp/B000BD2L8K,https://www.amazon.com/s?k=Dr.%20Bronner's%20Magic%20Organic%20Lip%20Balm%20Lemon%20Lime%200.15%20oz%20Balm,https://www.ebay.com/sch/i.html?_nkw=Dr.%20Bronner's%20Magic%20Organic%20Lip%20Balm%20Lemon%20Lime%200.15%20oz%20Balm,https://www.google.com/search?q=Dr.%20Bronner's%20Magic%20Organic%20Lip%20Balm%20Lemon%20Lime%200.15%20oz%20Balm,https://seller.walmart.com/catalog/add-items?search=39454144,"Reviewers highlighted: smell, ingredients, taste",no,no,no,1,0,1,7,Greenlife Solutions,mfn,$10.90,7,$10.90,$10.90,10.9,2.77,3.04,27.88 %,109.69 %,7.75,4.65,1,$7.20,50+ units sold this month on Amazon,$5.09,$3.45,0,$1.64,15.00%,$0.00,1,$0.01,$0.30 /lb,$0.01,$0.00,$0.00,$0.00,$0.00,0,$0.00,4.7,68,"Pulling package information from B000BD2L8K via amazon.com,3 or less sellers","2.64, 0.67, 0.59 in, 0.02 lbs",2.64,0.67,0.59,0.02,N/A,Computer
"06/03/2025, 03:19 AM PDT","06/03/2025, 06:19 AM EDT","06/03/2025, 05:19 AM CDT","06/03/2025, 03:19 AM PDT","Dr. Bronner's Organic Hands & Body Lotion, Orange Lavender 8 oz",28651484,18787930014,8 fl oz (237 ml),1,Dr. Bronner's,Health & Personal Care,Body Moisturizers,DR BRONNER,N/A,018787930014,https://i5.walmartimages.com/seo/Dr-Bronner-s-Organic-Hands-Body-Lotion-Orange-Lavender-8-oz_d81cd7ef-3fb5-4557-a643-0a1209912058_1.89609cf274300a3a2169637c59a29f21.jpeg,,N/A,https://www.walmart.com/ip/28651484,7.66,https://www.amazon.com/dp/B00A2F1ITU,https://www.amazon.com/s?k=Dr.%20Bronner's%20Organic%20Hands%20%26%20Body%20Lotion%2C%20Orange%20Lavender%208%20oz,https://www.ebay.com/sch/i.html?_nkw=Dr.%20Bronner's%20Organic%20Hands%20%26%20Body%20Lotion%2C%20Orange%20Lavender%208%20oz,https://www.google.com/search?q=Dr.%20Bronner's%20Organic%20Hands%20%26%20Body%20Lotion%2C%20Orange%20Lavender%208%20oz,https://seller.walmart.com/catalog/add-items?search=28651484,N/A,no,no,no,9,3,6,85,Shop for Days,wfs,$15.45,2,$15.38,$22.50,15.45,7.66,1.83,11.86 %,23.92 %,13.20,7.59,1,$20.99,50+ units sold this month on Amazon,$5.96,$3.45,0,$2.32,15.00%,$0.01,1,$0.18,$0.30 /lb,$0.18,$0.00,$0.00,$0.00,$0.00,0,$0.00,4.4,108,Pulling package information from B00A2F1ITU via amazon.com,"7.72, 1.81, 1.73 in, 0.60 lbs",7.72,1.81,1.73,0.60,N/A,Computer
"06/03/2025, 03:20 AM PDT","06/03/2025, 06:20 AM EDT","06/03/2025, 05:20 AM CDT","06/03/2025, 03:20 AM PDT",Dr. Bronner's Sun Dog's Organic Lotion Peppermint - 8 fl oz,28651666,18787930021,N/A,N/A,Dr. Bronner's,Health & Personal Care,Hand Creams & Lotions,N/A,N/A,DRORGS23,https://i5.walmartimages.com/seo/Dr-Bronner-s-Sun-Dog-s-Organic-Lotion-Peppermint-8-fl-oz_2b47d32e-9422-4ccc-9f0d-18afecbd6649.aaa4f3d241e73dcb5e97ab023fa9e19c.jpeg,,N/A,https://www.walmart.com/ip/28651666,7.66,https://www.amazon.com/dp/B001FV3E2E,https://www.amazon.com/s?k=Dr.%20Bronner's%20Sun%20Dog's%20Organic%20Lotion%20Peppermint%20-%208%20fl%20oz,https://www.ebay.com/sch/i.html?_nkw=Dr.%20Bronner's%20Sun%20Dog's%20Organic%20Lotion%20Peppermint%20-%208%20fl%20oz,https://www.google.com/search?q=Dr.%20Bronner's%20Sun%20Dog's%20Organic%20Lotion%20Peppermint%20-%208%20fl%20oz,https://seller.walmart.com/catalog/add-items?search=28651666,N/A,no,no,no,6,4,2,76,LeoK,wfs,$18.21,27,$18.21,$20.90,18.21,7.66,4.17,22.92 %,54.49 %,13.20,9.47,1,OOS,N/A,$6.38,$3.45,0,$2.73,15.00%,$0.01,1,$0.18,$0.30 /lb,$0.18,$0.00,$0.00,$0.00,$0.00,0,$0.00,4.5,182,"For better accuracy, we’ve used dimensions from B001HITLQI to provide more precise estimates","7.87, 2.13, 1.97 in, 0.60 lbs",7.87,2.13,1.97,0.60,N/A,Computer
"06/03/2025, 03:21 AM PDT","06/03/2025, 06:21 AM EDT","06/03/2025, 05:21 AM CDT","06/03/2025, 03:21 AM PDT",Dr. Bronner's Lavender Coconut Organic Hand & Body Lotion 8 fl oz Lotion,26967156,18787930045,N/A,N/A,Dr. Bronner's,Health & Personal Care,Body Moisturizers,Dr Bronner's,N/A,DRORGB31,https://i5.walmartimages.com/seo/Dr-Bronner-s-Hand-Body-Organic-Lotion-Lavender-Coconut-8-fl-Oz_26722c82-d426-459e-9ac4-f5b046d2fdab.9e629514e7e838727674d1c6496e7015.jpeg,,N/A,https://www.walmart.com/ip/26967156,7.66,https://www.amazon.com/dp/B002LMGMUC,https://www.amazon.com/s?k=Dr.%20Bronner's%20Lavender%20Coconut%20Organic%20Hand%20%26%20Body%20Lotion%208%20fl%20oz%20Lotion,https://www.ebay.com/sch/i.html?_nkw=Dr.%20Bronner's%20Lavender%20Coconut%20Organic%20Hand%20%26%20Body%20Lotion%208%20fl%20oz%20Lotion,https://www.google.com/search?q=Dr.%20Bronner's%20Lavender%20Coconut%20Organic%20Hand%20%26%20Body%20Lotion%208%20fl%20oz%20Lotion,https://seller.walmart.com/catalog/add-items?search=26967156,N/A,no,no,no,1,0,1,15,Color Beauty,mfn,$17.99,15,$17.99,$17.99,17.99,7.66,4.16,23.12 %,54.29 %,13.00,9.46,1,OOS,N/A,$6.17,$3.45,0,$2.70,15.00%,$0.01,1,$0.01,$0.30 /lb,$0.01,$0.00,$0.00,$0.00,$0.00,0,$0.00,4.4,183,3 or less sellers,"1.80, 1.80, 7.60 in, 0.04 lbs",1.80,1.80,7.60,0.04,N/A,Computer
"06/03/2025, 03:22 AM PDT","06/03/2025, 06:22 AM EDT","06/03/2025, 05:22 AM CDT","06/03/2025, 03:22 AM PDT","Dr. Bronner's Organic Hand & Lotion Patchouli Lime, 8.0 FL OZ",28651721,18787930038,N/A,N/A,Dr. Bronner's,Health & Personal Care,Hand Creams & Lotions,N/A,N/A,DBR93003,https://i5.walmartimages.com/seo/Dr-Bronner-s-Organic-Hand-Lotion-Patchouli-Lime-8-0-FL-OZ_9ef60a06-eb72-482a-a1e5-8c545a38881e.9dfb0f5c02f3365f1712d51f980ade3d.jpeg,,N/A,https://www.walmart.com/ip/28651721,7.66,https://www.amazon.com/dp/B001ET727U,https://www.amazon.com/s?k=Dr.%20Bronner's%20Organic%20Hand%20%26%20Lotion%20Patchouli%20Lime%2C%208.0%20FL%20OZ,https://www.ebay.com/sch/i.html?_nkw=Dr.%20Bronner's%20Organic%20Hand%20%26%20Lotion%20Patchouli%20Lime%2C%208.0%20FL%20OZ,https://www.google.com/search?q=Dr.%20Bronner's%20Organic%20Hand%20%26%20Lotion%20Patchouli%20Lime%2C%208.0%20FL%20OZ,https://seller.walmart.com/catalog/add-items?search=28651721,N/A,no,no,no,0,0,0,0,N/A,N/A,0,,,Price,18,7.66,2.31,12.83 %,30.16 %,15.20,7.98,1,OOS,N/A,$8.03,$4.95,0,$2.70,15.00%,$0.02,1,$0.36,$0.30 /lb,$0.36,$0.00,$0.00,$0.00,$0.00,0,$0.00,4.4,167,"Pulling package information from B001ET727U via amazon.com,3 or less sellers","7.72, 3.78, 1.81 in, 1.19 lbs",7.72,3.78,1.81,1.19,N/A,Computer
"06/03/2025, 03:22 AM PDT","06/03/2025, 06:22 AM EDT","06/03/2025, 05:22 AM CDT","06/03/2025, 03:22 AM PDT",Dr. bronner's magic soaps organic lip balm peppermint 0.15 ounce,26967166,18787920022,N/A,N/A,Dr. Bronner's,Beauty,Lip Balms & Conditioners,N/A,N/A,0656678,https://i5.walmartimages.com/seo/Dr-bronner-s-magic-soaps-organic-lip-balm-peppermint-0-15-ounce_1fc58149-119f-41bd-a568-8e9579226438_1.cbbf9f4882efbcb10042add0a00db4d4.jpeg,,N/A,https://www.walmart.com/ip/26967166,2.77,https://www.amazon.com/dp/B000E39M48,https://www.amazon.com/s?k=Dr.%20bronner's%20magic%20soaps%20organic%20lip%20balm%20peppermint%200.15%20ounce,https://www.ebay.com/sch/i.html?_nkw=Dr.%20bronner's%20magic%20soaps%20organic%20lip%20balm%20peppermint%200.15%20ounce,https://www.google.com/search?q=Dr.%20bronner's%20magic%20soaps%20organic%20lip%20balm%20peppermint%200.15%20ounce,https://seller.walmart.com/catalog/add-items?search=26967166,N/A,no,no,no,0,0,0,0,N/A,N/A,0,,,Price,10.99,2.77,3.12,28.34 %,112.46 %,7.75,4.71,1,$6.78,900+ units sold this month on Amazon,$5.10,$3.45,0,$1.65,15.00%,$0.00,1,$0.01,$0.30 /lb,$0.01,$0.00,$0.00,$0.00,$0.00,0,$0.00,4.9,164,3 or less sellers,"0.62, 0.62, 2.62 in, 0.02 lbs",0.62,0.62,2.62,0.02,N/A,Computer
"06/03/2025, 03:25 AM PDT","06/03/2025, 06:25 AM EDT","06/03/2025, 05:25 AM CDT","06/03/2025, 03:25 AM PDT","18-In-1 Hemp Pure-Castile Soap Peppermint, 4.0 FL OZ",28663252,18787765043,N/A,N/A,Dr. Bronner's,Health & Personal Care,Bath Soaps,N/A,N/A,018787765043,https://i5.walmartimages.com/seo/18-In-1-Hemp-Pure-Castile-Soap-Peppermint-4-0-FL-OZ_e0624048-9d14-49ff-82e1-6e2f8b8be895.cba939a59f21923fe4d5ecd4552bfb63.jpeg,,N/A,https://www.walmart.com/ip/28663252,3.55,https://www.amazon.com/dp/B001E0WLPM,https://www.amazon.com/s?k=18-In-1%20Hemp%20Pure-Castile%20Soap%20Peppermint%2C%204.0%20FL%20OZ,https://www.ebay.com/sch/i.html?_nkw=18-In-1%20Hemp%20Pure-Castile%20Soap%20Peppermint%2C%204.0%20FL%20OZ,https://www.google.com/search?q=18-In-1%20Hemp%20Pure-Castile%20Soap%20Peppermint%2C%204.0%20FL%20OZ,https://seller.walmart.com/catalog/add-items?search=28663252,"Reviewers highlighted: shower, smell, feel",no,no,no,3,1,2,31,LeoK,wfs,$9.99,11,$9.00,$13.99,9.99,3.55,1.11,11.11 %,31.27 %,8.70,3.73,1,OOS,N/A,$5.33,$3.45,0,$0.80,8.00%,$0.01,1,$1.07,$0.30 /lb,$0.07,$0.00,$0.00,$0.00,$0.00,0,$0.00,4.9,897,3 or less sellers,"1.60, 1.60, 5.20 in, 0.25 lbs",1.60,1.60,5.20,0.25,N/A,Computer
"06/03/2025, 03:26 AM PDT","06/03/2025, 06:26 AM EDT","06/03/2025, 05:26 AM CDT","06/03/2025, 03:26 AM PDT",Dr. Bronner's Pure Castile Liquid Soap Peppermint -- 8 fl,28663376,18787775080,N/A,N/A,Dr. Bronner's,Health & Personal Care,Bath Soaps,N/A,N/A,200158,https://i5.walmartimages.com/seo/Dr-Bronner-s-Pure-Castile-Liquid-Soap-Peppermint-8-fl_7c4702c6-0e5a-4e74-8d19-300b057aef56.e919a62abb2963dd630e20e89e4f7ec6.jpeg,,N/A,https://www.walmart.com/ip/28663376,5.32,https://www.amazon.com/dp/B0001TSIOA,https://www.amazon.com/s?k=Dr.%20Bronner's%20Pure%20Castile%20Liquid%20Soap%20Peppermint%20--%208%20fl,https://www.ebay.com/sch/i.html?_nkw=Dr.%20Bronner's%20Pure%20Castile%20Liquid%20Soap%20Peppermint%20--%208%20fl,https://www.google.com/search?q=Dr.%20Bronner's%20Pure%20Castile%20Liquid%20Soap%20Peppermint%20--%208%20fl,https://seller.walmart.com/catalog/add-items?search=28663376,N/A,yes,no,no,1,1,0,15,MaryKreations,wfs,$16.95,15,$16.95,$16.95,16.95,5.32,5.44,32.08 %,102.21 %,10.45,8.61,1,OOS,N/A,$6.19,$3.45,0,$2.54,15.00%,$0.01,1,$0.19,$0.30 /lb,$0.19,$0.00,$0.00,$0.00,$0.00,0,$0.00,4.8,908,3 or less sellers,"6.34, 1.97, 1.97 in, 0.63 lbs",6.34,1.97,1.97,0.63,N/A,Computer
"06/03/2025, 03:26 AM PDT","06/03/2025, 06:26 AM EDT","06/03/2025, 05:26 AM CDT","06/03/2025, 03:26 AM PDT",Dr Bronners Organic Castile Peppermint,28663355,18787775028,N/A,N/A,Navajo,Health & Personal Care,Bath Soaps,N/A,N/A,OLPE02-US72,https://i5.walmartimages.com/seo/Dr-Bronners-Organic-Castile-Peppermint_b17e5a99-718f-4485-b364-4970c20f41f9.ac6f9e580293cf2b3d37415cc20f3c3d.jpeg,,N/A,https://www.walmart.com/ip/28663355,2.37,https://www.amazon.com/dp/B000Z96LTA,https://www.amazon.com/s?k=Dr%20Bronners%20Organic%20Castile%20Peppermint,https://www.ebay.com/sch/i.html?_nkw=Dr%20Bronners%20Organic%20Castile%20Peppermint,https://www.google.com/search?q=Dr%20Bronners%20Organic%20Castile%20Peppermint,https://seller.walmart.com/catalog/add-items?search=28663355,"Reviewers highlighted: cleaning, smell, feel",no,no,no,1,1,0,27,Zeea,wfs,$11.00,27,$11.00,$11.00,11,2.37,0.93,8.45 %,39.24 %,10.00,2.64,1,$2.89,500+ units sold this month on Amazon,$7.70,$5.45,0,$1.65,15.00%,$0.00,1,$0.60,$0.30 /lb,$0.60,$0.00,$0.00,$0.00,$0.00,0,$0.00,4.9,876,3 or less sellers,"0.01, 1.00, 0.01 in, 2.00 lbs",0.01,1.00,0.01,2.00,N/A,Computer
"06/03/2025, 03:29 AM PDT","06/03/2025, 06:29 AM EDT","06/03/2025, 05:29 AM CDT","06/03/2025, 03:29 AM PDT",Dr. bronner's organic pure castile liquid soap rose 8 fl oz,29304625,18787778081,N/A,N/A,Dr. Bronner's,Health & Personal Care,Body Washes & Shower Gels,Dr Bronner's,N/A,HG0322404,https://i5.walmartimages.com/seo/Dr-bronner-s-organic-pure-castile-liquid-soap-rose-8-fl-oz_823e2532-574f-4423-8fd5-f1ffcc34a14f_1.e8e80a41892531ec9b15ce37e4a46150.jpeg,,N/A,https://www.walmart.com/ip/29304625,5.32,https://www.amazon.com/dp/B002LMR36Y,https://www.amazon.com/s?k=Dr.%20bronner's%20organic%20pure%20castile%20liquid%20soap%20rose%208%20fl%20oz,https://www.ebay.com/sch/i.html?_nkw=Dr.%20bronner's%20organic%20pure%20castile%20liquid%20soap%20rose%208%20fl%20oz,https://www.google.com/search?q=Dr.%20bronner's%20organic%20pure%20castile%20liquid%20soap%20rose%208%20fl%20oz,https://seller.walmart.com/catalog/add-items?search=29304625,N/A,no,no,no,4,2,2,89,CJK Products,wfs,$14.90,31,$14.90,$14.95,14.9,5.32,3.26,21.86 %,61.22 %,11.00,6.86,1,$18.05,N/A,$6.32,$3.45,0,$2.23,15.00%,$0.43,1,$0.20,$0.30 /lb,$0.20,$0.00,$0.00,$0.00,$0.00,0,$0.00,4.6,267,Pulling package information from B002LMR36Y via amazon.com,"10.00, 10.00, 10.00 in, 0.68 lbs",10.00,10.00,10.00,0.68,N/A,Computer
"06/03/2025, 03:30 AM PDT","06/03/2025, 06:30 AM EDT","06/03/2025, 05:30 AM CDT","06/03/2025, 03:30 AM PDT","Dr. Bronner's Sal Suds All Purpose Cleaner, 16 Oz",25553070,18787766316,"Multicolor, 16 Fl Oz (Pack of 1)",1,Dr. Bronner's,Kitchen,Household Cleaners,Dr. Bronner's,N/A,0743625,https://i5.walmartimages.com/seo/Dr-Bronner-s-Sal-Suds-All-Purpose-Cleaner-16-Oz_10b2b9dd-edff-4f6a-a0da-79e32348a709.009c0087c68df2a72a9c4cb08bc57882.jpeg,,N/A,https://www.walmart.com/ip/25553070,7.57,https://www.amazon.com/dp/B005P0NETE,https://www.amazon.com/s?k=Dr.%20Bronner's%20Sal%20Suds%20All%20Purpose%20Cleaner%2C%2016%20Oz,https://www.ebay.com/sch/i.html?_nkw=Dr.%20Bronner's%20Sal%20Suds%20All%20Purpose%20Cleaner%2C%2016%20Oz,https://www.google.com/search?q=Dr.%20Bronner's%20Sal%20Suds%20All%20Purpose%20Cleaner%2C%2016%20Oz,https://seller.walmart.com/catalog/add-items?search=25553070,N/A,no,yes,no,2,1,1,9,LeoK,wfs,$18.99,8,$17.98,$18.99,18.99,7.57,3.3,17.38 %,43.61 %,15.00,8.70,1,$14.80,50+ units sold this month on Amazon,$8.12,$4.95,0,$2.85,15.00%,$0.02,1,$0.30,$0.30 /lb,$0.30,$0.00,$0.00,$0.00,$0.00,0,$0.00,4.9,1325,3 or less sellers,"2.50, 2.50, 7.50 in, 1.00 lbs",2.50,2.50,7.50,1.00,N/A,Computer
"06/03/2025, 03:31 AM PDT","06/03/2025, 06:31 AM EDT","06/03/2025, 05:31 AM CDT","06/03/2025, 03:31 AM PDT",Dr. Bronner's Organic Lavender Shaving Soap 7oz,24819118,18787940013,N/A,N/A,Dr. Bronner's,Health & Personal Care,Shaving Creams & Balms,N/A,N/A,018787940013,https://i5.walmartimages.com/seo/Dr-Bronner-s-Organic-Lavender-Shaving-Soap-7oz_fcacdf08-c966-4849-9022-3cee0961d6bf_1.131176ea1bb6bfe20c83a4f5c7a49fc9.jpeg,,N/A,https://www.walmart.com/ip/24819118,7.66,https://www.amazon.com/dp/B002LM5TCO,https://www.amazon.com/s?k=Dr.%20Bronner's%20Organic%20Lavender%20Shaving%20Soap%207oz,https://www.ebay.com/sch/i.html?_nkw=Dr.%20Bronner's%20Organic%20Lavender%20Shaving%20Soap%207oz,https://www.google.com/search?q=Dr.%20Bronner's%20Organic%20Lavender%20Shaving%20Soap%207oz,https://seller.walmart.com/catalog/add-items?search=24819118,N/A,no,yes,no,6,4,2,79,Shop for Days,wfs,$15.60,11,$15.59,$18.99,15.6,7.66,1.96,12.57 %,25.59 %,13.20,7.70,1,$12.89,N/A,$5.98,$3.45,0,$2.34,15.00%,$0.02,1,$0.17,$0.30 /lb,$0.17,$0.00,$0.00,$0.00,$0.00,0,$0.00,3.8,63,Pulling package information from B002LM5TCO via amazon.com,"7.09, 2.99, 2.01 in, 0.57 lbs",7.09,2.99,2.01,0.57,N/A,Computer
"06/03/2025, 03:32 AM PDT","06/03/2025, 06:32 AM EDT","06/03/2025, 05:32 AM CDT","06/03/2025, 03:32 AM PDT",Dr. Bronner's Organic Unscented Shaving Soap 7oz,34815998,18787940044,N/A,N/A,Dr. Bronner's,Health & Personal Care,Shaving Creams & Balms,N/A,N/A,018787940044,https://i5.walmartimages.com/seo/Dr-Bronner-s-Organic-Unscented-Shaving-Soap-7oz_6a935fc8-58b4-4b23-a15b-384ce3632d73.1bf0c30bd50b152658e71fed1342a7bf.jpeg,,N/A,https://www.walmart.com/ip/34815998,7.66,https://www.amazon.com/dp/B001E10GC6,https://www.amazon.com/s?k=Dr.%20Bronner's%20Organic%20Unscented%20Shaving%20Soap%207oz,https://www.ebay.com/sch/i.html?_nkw=Dr.%20Bronner's%20Organic%20Unscented%20Shaving%20Soap%207oz,https://www.google.com/search?q=Dr.%20Bronner's%20Organic%20Unscented%20Shaving%20Soap%207oz,https://seller.walmart.com/catalog/add-items?search=34815998,N/A,no,yes,no,8,3,5,1697,LeoK,wfs,$15.99,63,$14.99,$19.87,15.99,7.66,0.6,3.76 %,7.85 %,15.20,6.61,1,$23.95,N/A,$7.73,$4.95,0,$2.40,15.00%,$0.03,1,$0.35,$0.30 /lb,$0.35,$0.00,$0.00,$0.00,$0.00,0,$0.00,3.4,54,Pulling package information from B001E10GC6 via amazon.com,"7.20, 4.76, 1.97 in, 1.17 lbs",7.20,4.76,1.97,1.17,N/A,Computer
"06/03/2025, 03:33 AM PDT","06/03/2025, 06:33 AM EDT","06/03/2025, 05:33 AM CDT","06/03/2025, 03:33 AM PDT",Dr. Bronner's Peppermint Shaving Soap - 7 oz,28646124,18787940020,N/A,N/A,Dr. Bronner's,Health & Personal Care,Shaving Creams & Balms,N/A,N/A,018787940020,https://i5.walmartimages.com/seo/Dr-Bronner-s-Organic-Peppermint-Shaving-Soap-7oz_bdb5074e-dec3-492c-9b2d-1da5a0aef2e5.a1b795e77c102165512cab07a93694d6.jpeg,,N/A,https://www.walmart.com/ip/28646124,7.66,https://www.amazon.com/dp/B0031Y348C,https://www.amazon.com/s?k=Dr.%20Bronner's%20Peppermint%20Shaving%20Soap%20-%207%20oz,https://www.ebay.com/sch/i.html?_nkw=Dr.%20Bronner's%20Peppermint%20Shaving%20Soap%20-%207%20oz,https://www.google.com/search?q=Dr.%20Bronner's%20Peppermint%20Shaving%20Soap%20-%207%20oz,https://seller.walmart.com/catalog/add-items?search=28646124,N/A,no,no,no,1,0,1,2617,LIVEBEAR,mfn,$16.99,2617,$16.99,$16.99,16.99,7.66,3.14,18.48 %,40.99 %,13.20,8.64,1,OOS,N/A,$6.19,$3.45,0,$2.55,15.00%,$0.01,1,$0.18,$0.30 /lb,$0.18,$0.00,$0.00,$0.00,$0.00,0,$0.00,3.9,83,"For better accuracy, we’ve used dimensions from B00A2F1CYQ to provide more precise estimates,3 or less sellers","7.17, 1.93, 1.89 in, 0.60 lbs",7.17,1.93,1.89,0.60,N/A,Computer
"06/03/2025, 04:04 AM PDT","06/03/2025, 07:04 AM EDT","06/03/2025, 06:04 AM CDT","06/03/2025, 04:04 AM PDT","Drizzilicious Mini Rice Cakes Birthday Cake - Rice Crisps, Healthy Snack for Adults & Kids, Vegan, Non-GMO, Gluten Free, Allergen Free, Kosher, 90 Calories per Serving - 10Pk",397733206,857900005426,Birthday Cake,6,Drizzilicious,Grocery,Rice Cakes,N/A,N/A,N/A,https://i5.walmartimages.com/seo/Drizzilicious-Mini-Rice-Cakes-Birthday-Cake-Rice-Crisps-Healthy-Snack-Adults-Kids-Flavored-Rice-Cakes-Vegan-Non-GMO-Gluten-Free-Allergen-Free-Kosher_f3699470-6c65-4076-96c9-3ee09472f578.82ebe33715aef2c143e9e21378c01453.jpeg,,N/A,https://www.walmart.com/ip/397733206,7.13,N/A,https://www.amazon.com/s?k=Drizzilicious%20Mini%20Rice%20Cakes%20Birthday%20Cake%20-%20Rice%20Crisps%2C%20Healthy%20Snack%20for%20Adults%20%26%20Kids%2C%20Vegan%2C%20Non-GMO%2C%20Gluten%20Free%2C%20Allergen%20Free%2C%20Kosher%2C%2090%20Calories%20per%20Serving%20-%2010Pk,https://www.ebay.com/sch/i.html?_nkw=Drizzilicious%20Mini%20Rice%20Cakes%20Birthday%20Cake%20-%20Rice%20Crisps%2C%20Healthy%20Snack%20for%20Adults%20%26%20Kids%2C%20Vegan%2C%20Non-GMO%2C%20Gluten%20Free%2C%20Allergen%20Free%2C%20Kosher%2C%2090%20Calories%20per%20Serving%20-%2010Pk,https://www.google.com/search?q=Drizzilicious%20Mini%20Rice%20Cakes%20Birthday%20Cake%20-%20Rice%20Crisps%2C%20Healthy%20Snack%20for%20Adults%20%26%20Kids%2C%20Vegan%2C%20Non-GMO%2C%20Gluten%20Free%2C%20Allergen%20Free%2C%20Kosher%2C%2090%20Calories%20per%20Serving%20-%2010Pk,https://seller.walmart.com/catalog/add-items?search=397733206,Best seller,no,no,no,2,1,1,11706,Snack Innovations,wfs,$13.99,1707,$13.99,$18.95,13.99,7.13,0.45,3.19 %,6.26 %,13.40,6.06,1,NA,N/A,$6.41,$4.95,0,$1.12,8.00%,$0.10,1,$0.25,$0.30 /lb,$0.25,$0.00,$0.00,$0.00,$0.00,0,$0.00,4.8,69,"The listing has 6 variations,For better accuracy, we’ve used dimensions from B0BZ16C3SP to provide more precise estimates,3 or less sellers","10.04, 8.94, 2.52 in, 0.82 lbs",10.04,8.94,2.52,0.82,N/A,Computer
"06/03/2025, 04:06 AM PDT","06/03/2025, 07:06 AM EDT","06/03/2025, 06:06 AM CDT","06/03/2025, 04:06 AM PDT","Drizzilicious Mini Rice Cakes Salted Caramel - Rice Crisps, Healthy Snack for Adults & Kids, Vegan, Non-GMO, Gluten Free, Allergen Free, Kosher, 90 Calories per Serving (10 Pack)",366992026,857900005563,Salted Caramel,6,Drizzilicious,Grocery,Rice Cakes,N/A,N/A,N/A,https://i5.walmartimages.com/seo/Drizzilicious-Mini-Rice-Cakes-Salted-Caramel-Rice-Crisps-Healthy-Snack-Adults-Kids-Flavored-Rice-Cakes-Vegan-Non-GMO-Gluten-Free-Allergen-Free-Kosher_91627b63-f314-4d94-ac3b-550509a34e4e.ef2bb6851a99f180ede5910394f3a5c0.jpeg,,N/A,https://www.walmart.com/ip/366992026,7.13,N/A,https://www.amazon.com/s?k=Drizzilicious%20Mini%20Rice%20Cakes%20Salted%20Caramel%20-%20Rice%20Crisps%2C%20Healthy%20Snack%20for%20Adults%20%26%20Kids%2C%20Vegan%2C%20Non-GMO%2C%20Gluten%20Free%2C%20Allergen%20Free%2C%20Kosher%2C%2090%20Calories%20per%20Serving%20(10%20Pack),https://www.ebay.com/sch/i.html?_nkw=Drizzilicious%20Mini%20Rice%20Cakes%20Salted%20Caramel%20-%20Rice%20Crisps%2C%20Healthy%20Snack%20for%20Adults%20%26%20Kids%2C%20Vegan%2C%20Non-GMO%2C%20Gluten%20Free%2C%20Allergen%20Free%2C%20Kosher%2C%2090%20Calories%20per%20Serving%20(10%20Pack),https://www.google.com/search?q=Drizzilicious%20Mini%20Rice%20Cakes%20Salted%20Caramel%20-%20Rice%20Crisps%2C%20Healthy%20Snack%20for%20Adults%20%26%20Kids%2C%20Vegan%2C%20Non-GMO%2C%20Gluten%20Free%2C%20Allergen%20Free%2C%20Kosher%2C%2090%20Calories%20per%20Serving%20(10%20Pack),https://seller.walmart.com/catalog/add-items?search=366992026,Best seller,no,no,no,2,1,1,10942,Snack Innovations,wfs,$13.99,943,$13.99,$24.95,13.99,7.13,1.93,13.80 %,27.07 %,11.80,7.25,1,NA,N/A,$4.93,$3.45,0,$1.12,8.00%,$0.15,1,$0.21,$0.30 /lb,$0.21,$0.00,$0.00,$0.00,$0.00,0,$0.00,4.8,69,"The listing has 6 variations,For better accuracy, we’ve used dimensions from B0BZQF73CP to provide more precise estimates,3 or less sellers","9.76, 7.83, 4.45 in, 0.71 lbs",9.76,7.83,4.45,0.71,N/A,Computer
"06/03/2025, 04:16 AM PDT","06/03/2025, 07:16 AM EDT","06/03/2025, 06:16 AM CDT","06/03/2025, 04:16 AM PDT","Darrell Lea Mixed Fruits Licorice, 7 oz.",370002293,811737089318,N/A,N/A,DARRELL LEA®,Grocery,Licorice Candy,N/A,N/A,DL08931,https://i5.walmartimages.com/seo/Darrell-Lea-Softeating-Liquorice-Mixed-Flavors-7-Oz_747280cc-fcdf-439b-a1cd-c43ee587e1e2.0ae5edad3ead114729c168eea937734f.jpeg,,N/A,https://www.walmart.com/ip/370002293,2.97,https://www.amazon.com/dp/B07Q6553J1,https://www.amazon.com/s?k=Darrell%20Lea%20Mixed%20Fruits%20Licorice%2C%207%20oz.,https://www.ebay.com/sch/i.html?_nkw=Darrell%20Lea%20Mixed%20Fruits%20Licorice%2C%207%20oz.,https://www.google.com/search?q=Darrell%20Lea%20Mixed%20Fruits%20Licorice%2C%207%20oz.,https://seller.walmart.com/catalog/add-items?search=370002293,N/A,no,no,no,7,4,3,817,Gourmet on the way LLC,wfs,$8.97,2,$8.97,$11.21,8.97,2.97,0.67,7.48 %,22.58 %,8.15,2.91,1,$5.59,1k+ units sold this month on Amazon,$5.33,$3.45,0,$0.72,8.00%,$0.02,1,$1.14,$0.30 /lb,$0.14,$0.00,$0.00,$0.00,$0.00,0,$0.00,3.8,13,Pulling package information from B07Q6553J1 via amazon.com,"7.32, 5.59, 1.34 in, 0.46 lbs",7.32,5.59,1.34,0.46,N/A,Computer
"06/03/2025, 04:42 AM PDT","06/03/2025, 07:42 AM EDT","06/03/2025, 06:42 AM CDT","06/03/2025, 04:42 AM PDT","Earth Friendly Products Ultra Dishmate Natural Grapefruit Liquid Dishwashing Cleaner, 25 fl oz",21433473,749174097224,N/A,N/A,ECOS,Kitchen,Dish Soaps,Earth Friendly,N/A,PL972212,https://i5.walmartimages.com/seo/Earth-Friendly-Products-Ultra-Dishmate-Natural-Grapefruit-Liquid-Dishwashing-Cleaner-25-fl-oz_c5b7254e-88e8-4607-a0c8-2478bf254c0e_1.fb8207d834551703aeb4c73b19bd9f18.jpeg,,N/A,https://www.walmart.com/ip/21433473,3.91,https://www.amazon.com/dp/B0083PL0QC,https://www.amazon.com/s?k=Earth%20Friendly%20Products%20Ultra%20Dishmate%20Natural%20Grapefruit%20Liquid%20Dishwashing%20Cleaner%2C%2025%20fl%20oz,https://www.ebay.com/sch/i.html?_nkw=Earth%20Friendly%20Products%20Ultra%20Dishmate%20Natural%20Grapefruit%20Liquid%20Dishwashing%20Cleaner%2C%2025%20fl%20oz,https://www.google.com/search?q=Earth%20Friendly%20Products%20Ultra%20Dishmate%20Natural%20Grapefruit%20Liquid%20Dishwashing%20Cleaner%2C%2025%20fl%20oz,https://seller.walmart.com/catalog/add-items?search=21433473,N/A,no,no,no,1,0,1,129,iHerb,mfn,$11.43,129,$11.43,$11.43,11.43,3.91,0.39,3.44 %,10.06 %,10.85,3.44,1,$27.40,N/A,$7.13,$4.95,0,$1.71,15.00%,$0.00,1,$0.46,$0.30 /lb,$0.46,$0.00,$0.00,$0.00,$0.00,0,$0.00,4.6,250,"For better accuracy, we’ve used dimensions from B0145O0XSK to provide more precise estimates,3 or less sellers","1.38, 0.63, 0.43 in, 1.54 lbs",1.38,0.63,0.43,1.54,N/A,Computer
"06/03/2025, 04:43 AM PDT","06/03/2025, 07:43 AM EDT","06/03/2025, 06:43 AM CDT","06/03/2025, 04:43 AM PDT","ECOS 2X Ultra Natural Laundry Detergent, Free & Clear, 100 Loads",21433320,749174098894,N/A,N/A,Earth Friendly Products,Kitchen,Laundry Detergents,Earth Friendly Products,N/A,9889/04,https://i5.walmartimages.com/seo/ECOS-2X-Ultra-Natural-Laundry-Detergent-Free-Clear-100-Loads_73263991-a171-4615-bc24-ce1ba0112b82_1.411d0a607e3f09b95947fc945822dcc2.jpeg,,N/A,https://www.walmart.com/ip/21433320,13.19,https://www.amazon.com/dp/B002YCDRO8,https://www.amazon.com/s?k=ECOS%202X%20Ultra%20Natural%20Laundry%20Detergent%2C%20Free%20%26%20Clear%2C%20100%20Loads,https://www.ebay.com/sch/i.html?_nkw=ECOS%202X%20Ultra%20Natural%20Laundry%20Detergent%2C%20Free%20%26%20Clear%2C%20100%20Loads,https://www.google.com/search?q=ECOS%202X%20Ultra%20Natural%20Laundry%20Detergent%2C%20Free%20%26%20Clear%2C%20100%20Loads,https://seller.walmart.com/catalog/add-items?search=21433320,N/A,yes,no,no,1,0,1,14,Partner Media Solutions LLC,mfn,$24.25,14,$24.25,$24.25,24.25,13.19,3.66,15.10 %,27.76 %,19.85,13.48,1,$25.99,N/A,$7.40,$3.45,0,$3.64,15.00%,$0.18,1,$0.13,$0.30 /lb,$0.13,$0.00,$0.00,$0.00,$0.00,0,$0.00,4.7,472,3 or less sellers,"7.25, 5.50, 10.50 in, 0.43 lbs",7.25,5.50,10.50,0.43,N/A,Computer
"06/03/2025, 04:44 AM PDT","06/03/2025, 07:44 AM EDT","06/03/2025, 06:44 AM CDT","06/03/2025, 04:44 AM PDT","ECOS Laundry Detergent, Lavender, 100 Loads",21433321,749174098917,N/A,N/A,ECOS,Kitchen,Laundry Detergents,Earth Friendly Products,N/A,1212836,https://i5.walmartimages.com/seo/ECOS-Laundry-Detergent-Lavender-100-Loads_74a984cd-038b-4e24-a3b7-96cced992f46_1.2382e7342940d4944acd9b838cd45acb.jpeg,,N/A,https://www.walmart.com/ip/21433321,13.9,https://www.amazon.com/dp/B0069GOHQ2,https://www.amazon.com/s?k=ECOS%20Laundry%20Detergent%2C%20Lavender%2C%20100%20Loads,https://www.ebay.com/sch/i.html?_nkw=ECOS%20Laundry%20Detergent%2C%20Lavender%2C%20100%20Loads,https://www.google.com/search?q=ECOS%20Laundry%20Detergent%2C%20Lavender%2C%20100%20Loads,https://seller.walmart.com/catalog/add-items?search=21433321,N/A,no,no,no,1,0,1,536,Cozy Farm,mfn,$32.44,536,$32.44,$32.44,32.44,13.9,4.03,12.43 %,29.02 %,27.60,14.35,1,$10.43,1k+ units sold this month on Amazon,$14.51,$7.35,0,$4.87,15.00%,$0.18,1,$2.11,$0.30 /lb,$2.11,$0.00,$0.00,$0.00,$0.00,0,$0.00,4.6,485,"Pulling package information from B0069GOHQ2 via amazon.com,3 or less sellers","10.98, 7.28, 5.24 in, 7.03 lbs",10.98,7.28,5.24,7.03,N/A,Computer
"06/03/2025, 04:47 AM PDT","06/03/2025, 07:47 AM EDT","06/03/2025, 06:47 AM CDT","06/03/2025, 04:47 AM PDT","ECOS 2X Ultra Laundry Detergent, Magnolia & Lily, 100 Loads",21433369,749174098887,N/A,N/A,Earth Friendly Products,Kitchen,Laundry Detergents,Earth Friendly Products,N/A,9888/04,https://i5.walmartimages.com/seo/ECOS-Laundry-Detergent-Magnolia-Lily-100-0-FL-OZ_9a2dd406-abf2-4f25-9e84-2adfc167c2b5_1.39cd5c7ab0ba9329291e2c19e0b3a9ae.jpeg,,N/A,https://www.walmart.com/ip/21433369,13.92,https://www.amazon.com/dp/B0069GO5VY,https://www.amazon.com/s?k=ECOS%202X%20Ultra%20Laundry%20Detergent%2C%20Magnolia%20%26%20Lily%2C%20100%20Loads,https://www.ebay.com/sch/i.html?_nkw=ECOS%202X%20Ultra%20Laundry%20Detergent%2C%20Magnolia%20%26%20Lily%2C%20100%20Loads,https://www.google.com/search?q=ECOS%202X%20Ultra%20Laundry%20Detergent%2C%20Magnolia%20%26%20Lily%2C%20100%20Loads,https://seller.walmart.com/catalog/add-items?search=21433369,N/A,no,yes,no,3,0,3,384,Josette ,mfn,$24.99,5,$24.99,$31.53,24.99,13.92,3.54,14.16 %,25.42 %,20.75,13.97,1,$21.78,N/A,$7.53,$3.45,0,$3.75,15.00%,$0.18,1,$0.15,$0.30 /lb,$0.15,$0.00,$0.00,$0.00,$0.00,0,$0.00,4.7,496,3 or less sellers,"7.30, 5.50, 10.50 in, 0.50 lbs",7.30,5.50,10.50,0.50,N/A,Computer
"06/03/2025, 04:48 AM PDT","06/03/2025, 07:48 AM EDT","06/03/2025, 06:48 AM CDT","06/03/2025, 04:48 AM PDT","Earth Friendly Products Fruit & Veggie Wash, 22-Ounce",25462033,749174097354,N/A,N/A,Earth Friendly Products,Kitchen,All Purpose Cleaners,N/A,N/A,97356,https://i5.walmartimages.com/seo/Earth-Friendly-Products-Fruit-Veggie-Wash-22-Ounce_a719b5bc-2e60-47ec-9554-cccf58d85ccf.cb3331f25601fbd118216a1ad549a3f5.jpeg,,N/A,https://www.walmart.com/ip/25462033,3.84,https://www.amazon.com/dp/B0069GNOIE,https://www.amazon.com/s?k=Earth%20Friendly%20Products%20Fruit%20%26%20Veggie%20Wash%2C%2022-Ounce,https://www.ebay.com/sch/i.html?_nkw=Earth%20Friendly%20Products%20Fruit%20%26%20Veggie%20Wash%2C%2022-Ounce,https://www.google.com/search?q=Earth%20Friendly%20Products%20Fruit%20%26%20Veggie%20Wash%2C%2022-Ounce,https://seller.walmart.com/catalog/add-items?search=25462033,N/A,no,no,no,5,2,3,225,Zen Commerce,wfs,$11.28,8,$11.28,$28.41,11.28,3.84,0.28,2.51 %,7.37 %,10.85,3.30,1,$9.80,50+ units sold this month on Amazon,$7.16,$4.95,0,$1.69,15.00%,$0.04,1,$0.48,$0.30 /lb,$0.48,$0.00,$0.00,$0.00,$0.00,0,$0.00,4.7,55,Pulling package information from B0069GNOIE via amazon.com,"9.84, 4.09, 2.17 in, 1.59 lbs",9.84,4.09,2.17,1.59,N/A,Computer
"06/04/2025, 11:12 PM PDT","06/05/2025, 02:12 AM EDT","06/05/2025, 01:12 AM CDT","06/04/2025, 11:12 PM PDT",ECOS Parsley All Purpose Cleaner - 22 fl oz.,28457040,749174097460,N/A,N/A,ECOS,Kitchen,All Purpose Cleaners,N/A,N/A,97466,https://i5.walmartimages.com/seo/ECOS-Parsley-All-Purpose-Cleaner-22-fl-oz_ed08955d-14a1-4dcc-86f4-b19f06fd8f73.39b8de4c7b8d64f5aaecac99b9b43b32.jpeg,,N/A,https://www.walmart.com/ip/28457040,3.84,https://www.amazon.com/dp/B0054RPUZO,https://www.amazon.com/s?k=ECOS%20Parsley%20All%20Purpose%20Cleaner%20-%2022%20fl%20oz.,https://www.ebay.com/sch/i.html?_nkw=ECOS%20Parsley%20All%20Purpose%20Cleaner%20-%2022%20fl%20oz.,https://www.google.com/search?q=ECOS%20Parsley%20All%20Purpose%20Cleaner%20-%2022%20fl%20oz.,https://seller.walmart.com/catalog/add-items?search=28457040,"Reviewers highlighted: kids, pets, for the kitchen,Best seller",no,no,no,2,0,2,460,iHerb,mfn,$11.41,35,$11.41,$11.99,11.41,3.84,0.38,3.31 %,9.85 %,10.85,3.37,1,OOS,N/A,$7.19,$4.95,0,$1.71,15.00%,$0.04,1,$0.49,$0.30 /lb,$0.49,$0.00,$0.00,$0.00,$0.00,0,$0.00,4.7,484,"For better accuracy, we’ve used dimensions from B004QNJ6SO to provide more precise estimates,3 or less sellers","9.84, 4.33, 2.24 in, 1.63 lbs",9.84,4.33,2.24,1.63,N/A,Computer
"06/04/2025, 11:14 PM PDT","06/05/2025, 02:14 AM EDT","06/05/2025, 01:14 AM CDT","06/04/2025, 11:14 PM PDT","ECOS Toilet Bowl Cleaner, 24 Oz",21433427,749174097033,N/A,N/A,Earth Friendly Products,Kitchen,Bathroom Cleaners,N/A,N/A,749174000000.,https://i5.walmartimages.com/seo/ECOS-Toilet-Bowl-Cleaner-24-Oz_4cecca80-791b-4040-bd29-7aec816a6df1.c47965406a888ec9ddf56caa09b45518.jpeg,,N/A,https://www.walmart.com/ip/21433427,3.84,N/A,https://www.amazon.com/s?k=ECOS%20Toilet%20Bowl%20Cleaner%2C%2024%20Oz,https://www.ebay.com/sch/i.html?_nkw=ECOS%20Toilet%20Bowl%20Cleaner%2C%2024%20Oz,https://www.google.com/search?q=ECOS%20Toilet%20Bowl%20Cleaner%2C%2024%20Oz,https://seller.walmart.com/catalog/add-items?search=21433427,"Reviewers highlighted: ease of use, ingredients, sink",no,no,no,8,0,8,1037,iHerb,mfn,$11.41,62,$11.41,$74.24,11.41,3.84,0.38,3.33 %,9.89 %,10.85,3.38,1,NA,N/A,$7.19,$4.95,0,$1.71,15.00%,$0.04,1,$0.49,$0.30 /lb,$0.49,$0.00,$0.00,$0.00,$0.00,0,$0.00,4.5,179,"For better accuracy, we’ve used dimensions from B0BB3FT6VF to provide more precise estimates","9.13, 4.41, 2.28 in, 1.63 lbs",9.13,4.41,2.28,1.63,N/A,Computer
"06/04/2025, 11:55 PM PDT","06/05/2025, 02:55 AM EDT","06/05/2025, 01:55 AM CDT","06/04/2025, 11:55 PM PDT",Elmhurst Chai Spice Oat Creamer - 16 fl oz,5045212387,377821165233,N/A,N/A,Elmhurst,Grocery,Non-Dairy Creamers,N/A,N/A,N/A,https://i5.walmartimages.com/seo/Elmhurst-Chai-Spice-Oat-Creamer-16-fl-oz_bab52e69-3d70-4745-8f79-7b7cda62f693.9922c99d014c4c2ba7b8b5dc083d2d1e.jpeg,,N/A,https://www.walmart.com/ip/5045212387,5.32,N/A,https://www.amazon.com/s?k=Elmhurst%20Chai%20Spice%20Oat%20Creamer%20-%2016%20fl%20oz,https://www.ebay.com/sch/i.html?_nkw=Elmhurst%20Chai%20Spice%20Oat%20Creamer%20-%2016%20fl%20oz,https://www.google.com/search?q=Elmhurst%20Chai%20Spice%20Oat%20Creamer%20-%2016%20fl%20oz,https://seller.walmart.com/catalog/add-items?search=5045212387,N/A,no,no,no,3,0,3,19,YAP DEALS,mfn,$15.99,3,$15.99,$22.47,15.99,5.32,2.95,18.47 %,55.51 %,11.50,6.62,1,NA,N/A,$7.72,$4.95,0,$2.40,15.00%,$0.02,1,$0.35,$0.30 /lb,$0.35,$0.00,$0.00,$0.00,$0.00,0,$0.00,4.4,59,"For better accuracy, we’ve used dimensions from B09MBL3SLF to provide more precise estimates,3 or less sellers","5.79, 2.68, 2.60 in, 1.17 lbs",5.79,2.68,2.60,1.17,N/A,Computer
"06/04/2025, 11:57 PM PDT","06/05/2025, 02:57 AM EDT","06/05/2025, 01:57 AM CDT","06/04/2025, 11:57 PM PDT","Elmhurst - Oat Creamer, 16oz | Multiple Flavors",646691347,18944000802,Unsweetened,3,Elmhurst,Grocery,Non-Dairy Creamers,N/A,N/A,N/A,https://i5.walmartimages.com/seo/Elmhurst-Oat-Creamer-16oz-Multiple-Flavors_f5da2064-71a3-4515-aa6d-ece84420f4e2.bf9fe8c40a83666e59b9f37bbafd4fc6.jpeg,,N/A,https://www.walmart.com/ip/646691347,5.32,https://www.amazon.com/dp/B08JX2F81Y,https://www.amazon.com/s?k=Elmhurst%20-%20Oat%20Creamer%2C%2016oz%20%7C%20Multiple%20Flavors,https://www.ebay.com/sch/i.html?_nkw=Elmhurst%20-%20Oat%20Creamer%2C%2016oz%20%7C%20Multiple%20Flavors,https://www.google.com/search?q=Elmhurst%20-%20Oat%20Creamer%2C%2016oz%20%7C%20Multiple%20Flavors,https://seller.walmart.com/catalog/add-items?search=646691347,N/A,no,no,no,1,0,1,9,SunDay Trading,mfn,$21.01,9,$21.01,$21.01,21.01,5.32,2.28,10.86 %,42.89 %,18.25,6.08,1,$35.54,100+ units sold this month on Amazon,$13.41,$7.75,0,$3.15,15.00%,$0.18,1,$2.33,$0.30 /lb,$2.33,$0.00,$0.00,$0.00,$0.00,0,$0.00,4.1,61,"The listing has 3 variations,Pulling package information from B08JX2F81Y via amazon.com,3 or less sellers","12.32, 11.02, 3.03 in, 7.76 lbs",12.32,11.02,3.03,7.76,N/A,Computer
"06/05/2025, 12:08 AM PDT","06/05/2025, 03:08 AM EDT","06/05/2025, 02:08 AM CDT","06/05/2025, 12:08 AM PDT","Endangered Species Chocolate Bar Chimpanzee, 3 Oz",26381334,37014242379,N/A,N/A,Endangered Species Chocolate,Grocery,Candy Bars & Miniatures,N/A,N/A,SPC24237,https://i5.walmartimages.com/seo/Endangered-Species-Chocolate-Bar-Chimpanzee-3-Oz_e0f69dc3-368f-4b24-ae8e-04e5e0e864e0_1.a7b148cbd9f91653241607408bdc0dcf.jpeg,,N/A,https://www.walmart.com/ip/26381334,3.91,https://www.amazon.com/dp/B005TY21MM,https://www.amazon.com/s?k=Endangered%20Species%20Chocolate%20Bar%20Chimpanzee%2C%203%20Oz,https://www.ebay.com/sch/i.html?_nkw=Endangered%20Species%20Chocolate%20Bar%20Chimpanzee%2C%203%20Oz,https://www.google.com/search?q=Endangered%20Species%20Chocolate%20Bar%20Chimpanzee%2C%203%20Oz,https://seller.walmart.com/catalog/add-items?search=26381334,N/A,no,no,no,1,0,1,48,iHerb,mfn,$9.99,48,$9.99,$9.99,9.99,3.91,0.76,7.58 %,19.38 %,9.10,3.73,1,OOS,N/A,$5.32,$3.45,0,$0.80,8.00%,$0.01,1,$1.07,$0.30 /lb,$0.07,$0.00,$0.00,$0.00,$0.00,0,$0.00,4.6,103,3 or less sellers,"3.00, 1.00, 5.50 in, 0.22 lbs",3.00,1.00,5.50,0.22,N/A,Computer
"06/05/2025, 12:09 AM PDT","06/05/2025, 03:09 AM EDT","06/05/2025, 02:09 AM CDT","06/05/2025, 12:09 AM PDT","Endangered Species Chocolate Bar Black Panther, 3 Oz",26381081,37014242478,N/A,N/A,Endangered Species Chocolate,Grocery,Candy Bars & Miniatures,N/A,N/A,SPC24247,https://i5.walmartimages.com/seo/Endangered-Species-Chocolate-Bar-Black-Panther-3-Oz_5f3715bf-b515-4c18-a96b-2113c3d53bc8.abfc028e649d5fb4ecb516f174a11b71.jpeg,,N/A,https://www.walmart.com/ip/26381081,3.23,https://www.amazon.com/dp/B00IV6EUT2,https://www.amazon.com/s?k=Endangered%20Species%20Chocolate%20Bar%20Black%20Panther%2C%203%20Oz,https://www.ebay.com/sch/i.html?_nkw=Endangered%20Species%20Chocolate%20Bar%20Black%20Panther%2C%203%20Oz,https://www.google.com/search?q=Endangered%20Species%20Chocolate%20Bar%20Black%20Panther%2C%203%20Oz,https://seller.walmart.com/catalog/add-items?search=26381081,Popular pick,no,no,no,1,0,1,4,iHerb,mfn,$9.99,4,$9.99,$9.99,9.99,3.23,1.45,14.48 %,44.78 %,8.35,3.74,1,OOS,N/A,$5.31,$3.45,0,$0.80,8.00%,$0.00,1,$1.06,$0.30 /lb,$0.06,$0.00,$0.00,$0.00,$0.00,0,$0.00,4.5,182,3 or less sellers,"5.50, 2.50, 0.25 in, 0.21 lbs",5.50,2.50,0.25,0.21,N/A,Computer
"06/05/2025, 12:11 AM PDT","06/05/2025, 03:11 AM EDT","06/05/2025, 02:11 AM CDT","06/05/2025, 12:11 AM PDT","Endangered Species Chocolate Bar Grizzly, 3 OZ",33306985,37014242287,N/A,N/A,Endangered Species Chocolate,Grocery,Chocolate Candy,N/A,N/A,0105627,https://i5.walmartimages.com/seo/Endangered-Species-Chocolate-Bar-Grizzly-3-OZ_b69cb346-88ea-4d67-9a37-60771a04b063_1.a100a25d39f84810158cbabd44f5c60a.jpeg,,N/A,https://www.walmart.com/ip/33306985,3.23,https://www.amazon.com/dp/B004SI9KL0,https://www.amazon.com/s?k=Endangered%20Species%20Chocolate%20Bar%20Grizzly%2C%203%20OZ,https://www.ebay.com/sch/i.html?_nkw=Endangered%20Species%20Chocolate%20Bar%20Grizzly%2C%203%20OZ,https://www.google.com/search?q=Endangered%20Species%20Chocolate%20Bar%20Grizzly%2C%203%20OZ,https://seller.walmart.com/catalog/add-items?search=33306985,N/A,no,no,no,2,0,2,165,Vitozon,mfn,$8.78,6,$8.78,$9.99,8.78,3.23,0.33,3.81 %,10.36 %,8.35,2.85,1,$4.69,600+ units sold this month on Amazon,$5.22,$3.45,0,$0.70,8.00%,$0.00,1,$1.06,$0.30 /lb,$0.06,$0.00,$0.00,$0.00,$0.00,0,$0.00,4.8,10,"Pulling package information from B004SI9KL0 via amazon.com,3 or less sellers","5.71, 2.80, 0.43 in, 0.20 lbs",5.71,2.80,0.43,0.20,N/A,Computer
"06/05/2025, 12:12 AM PDT","06/05/2025, 03:12 AM EDT","06/05/2025, 02:12 AM CDT","06/05/2025, 12:12 AM PDT","Endangered Species Chocolate Bar Eagle, 3 Oz",181967137,37014000498,N/A,N/A,Endangered Species Chocolate,Grocery,Candy Bars & Miniatures,N/A,N/A,SPC00049,https://i5.walmartimages.com/seo/Endangered-Species-Chocolate-Bar-Eagle-3-Oz_c02efb90-ee1c-45c2-81c3-12ee6158e6cf_1.19c37973bbe62516fff64e295e9f4e78.jpeg,,N/A,https://www.walmart.com/ip/181967137,3.23,https://www.amazon.com/dp/B01EPRHTX4,https://www.amazon.com/s?k=Endangered%20Species%20Chocolate%20Bar%20Eagle%2C%203%20Oz,https://www.ebay.com/sch/i.html?_nkw=Endangered%20Species%20Chocolate%20Bar%20Eagle%2C%203%20Oz,https://www.google.com/search?q=Endangered%20Species%20Chocolate%20Bar%20Eagle%2C%203%20Oz,https://seller.walmart.com/catalog/add-items?search=181967137,N/A,no,yes,no,1,0,1,267,iHerb,mfn,$9.99,267,$9.99,$9.99,9.99,3.23,1.45,14.53 %,44.93 %,8.35,3.75,1,$8.99,800+ units sold this month on Amazon,$5.31,$3.45,0,$0.80,8.00%,$0.00,1,$1.06,$0.30 /lb,$0.06,$0.00,$0.00,$0.00,$0.00,0,$0.00,4.6,296,3 or less sellers,"0.35, 2.75, 5.75 in, 0.19 lbs",0.35,2.75,5.75,0.19,N/A,Computer
"06/05/2025, 12:44 AM PDT","06/05/2025, 03:44 AM EDT","06/05/2025, 02:44 AM CDT","06/05/2025, 12:44 AM PDT","Explore Cuisine Organic Edamame Spaghetti, 8 Oz, Pack of 6",339286599,854183006041,N/A,N/A,Explore Cuisine,Grocery,Pasta,N/A,N/A,1850494,https://i5.walmartimages.com/seo/Explore-Cuisine-Organic-Edamame-Spaghetti-8-Oz-Pack-of-6_8333ed9b-f1d5-4d42-96ca-f589f1439faf_1.d33ff49520707840277ae41a044627af.jpeg,,N/A,https://www.walmart.com/ip/339286599,22.2,https://www.amazon.com/dp/B015NBKXEI,https://www.amazon.com/s?k=Explore%20Cuisine%20Organic%20Edamame%20Spaghetti%2C%208%20Oz%2C%20Pack%20of%206,https://www.ebay.com/sch/i.html?_nkw=Explore%20Cuisine%20Organic%20Edamame%20Spaghetti%2C%208%20Oz%2C%20Pack%20of%206,https://www.google.com/search?q=Explore%20Cuisine%20Organic%20Edamame%20Spaghetti%2C%208%20Oz%2C%20Pack%20of%206,https://seller.walmart.com/catalog/add-items?search=339286599,N/A,no,no,no,1,0,1,7,Driftless Ramblings LLC,mfn,$60.27,7,$60.27,$60.27,60.27,22.2,25.38,42.11 %,114.32 %,30.30,38.06,1,$8.50,100+ units sold this month on Amazon,$12.69,$3.45,0,$9.04,15.00%,$0.03,1,$0.17,$0.30 /lb,$0.17,$0.00,$0.00,$0.00,$0.00,0,$0.00,3.5,2,"Pulling package information from B015NBKXEI via amazon.com,3 or less sellers","7.60, 4.72, 1.93 in, 0.57 lbs",7.60,4.72,1.93,0.57,N/A,Computer
"06/05/2025, 12:46 AM PDT","06/05/2025, 03:46 AM EDT","06/05/2025, 02:46 AM CDT","06/05/2025, 12:46 AM PDT","Explore Cuisine Organic Dry Red Lentil Penne Pasta, 8oz.",896906646,854183006294,N/A,N/A,Explore Cuisine,Grocery,Pasta,N/A,N/A,00O4IK2CCK52QI5,https://i5.walmartimages.com/seo/Explore-Cuisine-Organic-Dry-Red-Lentil-Penne-Pasta-8oz_8b666c70-22da-4166-b63d-cc111d546f56_1.eecbb9a6c334be882d2453202918aabb.jpeg,,N/A,https://www.walmart.com/ip/896906646,3.7,https://www.amazon.com/dp/B01LW6JLEW,https://www.amazon.com/s?k=Explore%20Cuisine%20Organic%20Dry%20Red%20Lentil%20Penne%20Pasta%2C%208oz.,https://www.ebay.com/sch/i.html?_nkw=Explore%20Cuisine%20Organic%20Dry%20Red%20Lentil%20Penne%20Pasta%2C%208oz.,https://www.google.com/search?q=Explore%20Cuisine%20Organic%20Dry%20Red%20Lentil%20Penne%20Pasta%2C%208oz.,https://seller.walmart.com/catalog/add-items?search=896906646,N/A,yes,no,no,1,0,1,9,TEKWAINMART,mfn,$14.70,9,$14.70,$14.70,14.7,3.7,6.18,42.05 %,167.08 %,9.00,7.91,1,$7.90,N/A,$4.82,$3.45,0,$1.18,8.00%,$0.03,1,$0.17,$0.30 /lb,$0.17,$0.00,$0.00,$0.00,$0.00,0,$0.00,4.1,16,"Pulling package information from B01LW6JLEW via amazon.com,3 or less sellers","7.56, 4.65, 1.77 in, 0.55 lbs",7.56,4.65,1.77,0.55,N/A,Computer
"06/05/2025, 12:50 AM PDT","06/05/2025, 03:50 AM EDT","06/05/2025, 02:50 AM CDT","06/05/2025, 12:50 AM PDT",Extra Refreshers Fruit Mix Sugar Free Chewing Gum - 40 ct Bottle,316869431,22000289599,N/A,N/A,Extra,Grocery,Chewing Gum,N/A,N/A,00022000289599,https://i5.walmartimages.com/seo/Extra-Refreshers-Fruit-Mix-Sugar-Free-Chewing-Gum-40-ct-Bottle_7ddb013d-2cc1-4f73-9acf-1ea7d94b6045.f2955d1df9212e925ee8d5cd87346e2a.jpeg,,N/A,https://www.walmart.com/ip/316869431,3.9,N/A,https://www.amazon.com/s?k=Extra%20Refreshers%20Fruit%20Mix%20Sugar%20Free%20Chewing%20Gum%20-%2040%20ct%20Bottle,https://www.ebay.com/sch/i.html?_nkw=Extra%20Refreshers%20Fruit%20Mix%20Sugar%20Free%20Chewing%20Gum%20-%2040%20ct%20Bottle,https://www.google.com/search?q=Extra%20Refreshers%20Fruit%20Mix%20Sugar%20Free%20Chewing%20Gum%20-%2040%20ct%20Bottle,https://seller.walmart.com/catalog/add-items?search=316869431,N/A,no,no,no,2,0,2,10,Rebel 21,mfn,$11.29,8,$11.29,$14.99,11.29,3.9,2.95,26.14 %,75.66 %,9.10,5.48,1,NA,N/A,$4.44,$3.45,0,$0.90,8.00%,$0.01,1,$0.08,$0.30 /lb,$0.08,$0.00,$0.00,$0.00,$0.00,0,$0.00,3,25,3 or less sellers,"2.05, 2.76, 3.31 in, 0.26 lbs",2.05,2.76,3.31,0.26,N/A,Computer
"06/05/2025, 12:52 AM PDT","06/05/2025, 03:52 AM EDT","06/05/2025, 02:52 AM CDT","06/05/2025, 12:52 AM PDT",Extra Refreshers Berry Mix Sugar Free Chewing Gum - 40 Piece Bottle,690781333,22000282354,"Mixed Berry, 40",9,Extra,Grocery,Chewing Gum,N/A,N/A,10022000282375,https://i5.walmartimages.com/seo/Extra-Refreshers-Berry-Mix-Sugar-Free-Chewing-Gum-40-Piece-Bottle_1c5d19f2-1e96-4a22-a691-a3e4559138fa.f31a917dd1b1d18665a099568def3d07.jpeg,,N/A,https://www.walmart.com/ip/690781333,3.9,https://www.amazon.com/dp/B081TKRC6S,https://www.amazon.com/s?k=Extra%20Refreshers%20Berry%20Mix%20Sugar%20Free%20Chewing%20Gum%20-%2040%20Piece%20Bottle,https://www.ebay.com/sch/i.html?_nkw=Extra%20Refreshers%20Berry%20Mix%20Sugar%20Free%20Chewing%20Gum%20-%2040%20Piece%20Bottle,https://www.google.com/search?q=Extra%20Refreshers%20Berry%20Mix%20Sugar%20Free%20Chewing%20Gum%20-%2040%20Piece%20Bottle,https://seller.walmart.com/catalog/add-items?search=690781333,N/A,no,yes,yes,1,0,0,5,Walmart.com,wmt,$9.33,5,$9.33,$9.33,9.33,3.9,0.15,1.58 %,3.78 %,9.10,3.24,1,$9.99,200+ units sold this month on Amazon,$5.28,$3.45,0,$0.75,8.00%,$0.01,1,$1.08,$0.30 /lb,$0.08,$0.00,$0.00,$0.00,$0.00,0,$0.00,4.5,304,"The listing has 9 variations,Walmart.com is on the listing,3 or less sellers","2.05, 2.76, 3.31 in, 0.26 lbs",2.05,2.76,3.31,0.26,N/A,Computer
"06/05/2025, 12:59 AM PDT","06/05/2025, 03:59 AM EDT","06/05/2025, 02:59 AM CDT","06/05/2025, 12:59 AM PDT","Extra Classic Bubble Gum Sugar Free Chewing Gum, Single Pack- 15 Stick",20918403,22000008459,N/A,N/A,Extra,Grocery,Chewing Gum,N/A,N/A,022000008459,https://i5.walmartimages.com/seo/Extra-Classic-Bubble-Gum-Sugar-Free-Chewing-Gum-Single-Pack-15-Stick_1279e191-8709-4c15-8ec6-3544cf5b7b1c.03e22cdf6a865a9d81b17261122b0252.jpeg,,N/A,https://www.walmart.com/ip/20918403,1.41,https://www.amazon.com/dp/B002RGOHKE,https://www.amazon.com/s?k=Extra%20Classic%20Bubble%20Gum%20Sugar%20Free%20Chewing%20Gum%2C%20Single%20Pack-%2015%20Stick,https://www.ebay.com/sch/i.html?_nkw=Extra%20Classic%20Bubble%20Gum%20Sugar%20Free%20Chewing%20Gum%2C%20Single%20Pack-%2015%20Stick,https://www.google.com/search?q=Extra%20Classic%20Bubble%20Gum%20Sugar%20Free%20Chewing%20Gum%2C%20Single%20Pack-%2015%20Stick,https://seller.walmart.com/catalog/add-items?search=20918403,N/A,no,no,no,3,0,3,79,Rebel 21,mfn,$7.69,8,$7.69,$9.70,7.69,1.41,1.18,15.39 %,83.94 %,6.30,2.07,1,OOS,N/A,$5.10,$3.45,0,$0.62,8.00%,$0.00,1,$1.03,$0.30 /lb,$0.03,$0.00,$0.00,$0.00,$0.00,0,$0.00,4.4,265,3 or less sellers,"0.42, 3.00, 2.40 in, 0.10 lbs",0.42,3.00,2.40,0.10,N/A,Computer
"06/05/2025, 01:00 AM PDT","06/05/2025, 04:00 AM EDT","06/05/2025, 03:00 AM CDT","06/05/2025, 01:00 AM PDT","Extra Gum Smooth Mint Sugar Free Chewing Gum, Single Pack - 15 Stick",21824543,22000014139,N/A,N/A,Extra,Grocery,Chewing Gum,N/A,N/A,668806,https://i5.walmartimages.com/seo/Extra-Gum-Smooth-Mint-Sugar-Free-Chewing-Gum-Single-Pack-15-Stick_0eaf3d69-4851-4d0f-8fcf-e1254bdae2ff.d5018d0e56a20993556203af7434d6fa.jpeg,,N/A,https://www.walmart.com/ip/21824543,1.51,https://www.amazon.com/dp/B00EZWRUG6,https://www.amazon.com/s?k=Extra%20Gum%20Smooth%20Mint%20Sugar%20Free%20Chewing%20Gum%2C%20Single%20Pack%20-%2015%20Stick,https://www.ebay.com/sch/i.html?_nkw=Extra%20Gum%20Smooth%20Mint%20Sugar%20Free%20Chewing%20Gum%2C%20Single%20Pack%20-%2015%20Stick,https://www.google.com/search?q=Extra%20Gum%20Smooth%20Mint%20Sugar%20Free%20Chewing%20Gum%2C%20Single%20Pack%20-%2015%20Stick,https://seller.walmart.com/catalog/add-items?search=21824543,N/A,no,no,no,2,0,2,154,Rebel 21,mfn,$7.99,8,$7.99,$9.21,7.99,1.51,1.36,17.01 %,90.03 %,6.45,2.30,1,$31.22,N/A,$5.12,$3.45,0,$0.64,8.00%,$0.00,1,$1.03,$0.30 /lb,$0.03,$0.00,$0.00,$0.00,$0.00,0,$0.00,4.5,240,3 or less sellers,"0.43, 2.99, 2.44 in, 0.10 lbs",0.43,2.99,2.44,0.10,N/A,Computer
"06/05/2025, 01:25 AM PDT","06/05/2025, 04:25 AM EDT","06/05/2025, 03:25 AM CDT","06/05/2025, 01:25 AM PDT","Sweetwood Cattle Co. Fatty Meat Stick, Original, Gluten Free, 2 Oz.",111143362,851015004220,Single,2,FATTY,Grocery,Jerky & Dried Meats,N/A,N/A,NF2197358,https://i5.walmartimages.com/seo/Sweetwood-Cattle-Co-Fatty-Meat-Stick-Original-Gluten-Free-2-Oz_6f22247c-48f7-4021-a70b-4e80184b012f.36a79c60cf9ac59a47d0b6b04631d2e4.png,,N/A,https://www.walmart.com/ip/111143362,2.39,https://www.amazon.com/dp/B00UTJFURA,https://www.amazon.com/s?k=Sweetwood%20Cattle%20Co.%20Fatty%20Meat%20Stick%2C%20Original%2C%20Gluten%20Free%2C%202%20Oz.,https://www.ebay.com/sch/i.html?_nkw=Sweetwood%20Cattle%20Co.%20Fatty%20Meat%20Stick%2C%20Original%2C%20Gluten%20Free%2C%202%20Oz.,https://www.google.com/search?q=Sweetwood%20Cattle%20Co.%20Fatty%20Meat%20Stick%2C%20Original%2C%20Gluten%20Free%2C%202%20Oz.,https://seller.walmart.com/catalog/add-items?search=111143362,N/A,no,no,no,3,0,3,48,Luzabi Products,mfn,$8.23,29,$8.23,$9.92,8.23,2.39,0.69,8.33 %,28.69 %,7.40,2.46,1,OOS,N/A,$5.15,$3.45,0,$0.66,8.00%,$0.01,1,$1.03,$0.30 /lb,$0.03,$0.00,$0.00,$0.00,$0.00,0,$0.00,4.5,118,"The listing has 2 variations,For better accuracy, we’ve used dimensions from B01BYCQ3UI to provide more precise estimates,3 or less sellers","9.21, 4.29, 0.75 in, 0.11 lbs",9.21,4.29,0.75,0.11,N/A,Computer
"06/05/2025, 03:40 AM PDT","06/05/2025, 06:40 AM EDT","06/05/2025, 05:40 AM CDT","06/05/2025, 03:40 AM PDT","Orkla Foods Sweden Felix Lingonberries, 10 oz",36319164,77075230502,N/A,N/A,Felix,Grocery,"Jams, Jellies & Preserves",N/A,N/A,FEL23050,https://i5.walmartimages.com/seo/Orkla-Foods-Sweden-Felix-Lingonberries-10-oz_6bb29350-fac3-46e0-9c3a-3e099cc47c00.f878f0b38a8d067a24c7292242426351.jpeg,,N/A,https://www.walmart.com/ip/36319164,5.71,https://www.amazon.com/dp/B005ZEWLJE,https://www.amazon.com/s?k=Orkla%20Foods%20Sweden%20Felix%20Lingonberries%2C%2010%20oz,https://www.ebay.com/sch/i.html?_nkw=Orkla%20Foods%20Sweden%20Felix%20Lingonberries%2C%2010%20oz,https://www.google.com/search?q=Orkla%20Foods%20Sweden%20Felix%20Lingonberries%2C%2010%20oz,https://seller.walmart.com/catalog/add-items?search=36319164,Popular pick,no,no,no,2,1,1,148,Think Gourmet,wfs,$13.49,120,$13.49,$14.48,13.49,5.71,1.45,10.75 %,25.40 %,11.85,5.73,1,$16.42,N/A,$6.33,$4.95,0,$1.08,8.00%,$0.00,1,$0.30,$0.30 /lb,$0.30,$0.00,$0.00,$0.00,$0.00,0,$0.00,5,7,"Pulling package information from B005ZEWLJE via amazon.com,3 or less sellers","0.98, 0.98, 0.98 in, 1.00 lbs",0.98,0.98,0.98,1.00,N/A,Computer
"06/05/2025, 03:50 AM PDT","06/05/2025, 06:50 AM EDT","06/05/2025, 05:50 AM CDT","06/05/2025, 03:50 AM PDT","Ferrero Rocher,  12 Count, Premium Gourmet Milk Chocolate Hazelnut, Individually Wrapped Chocolates For Gifting, 5.3 oz",28131328,9800120314,N/A,N/A,Ferrero Rocher,Grocery,Chocolate & Candy Assortments,N/A,N/A,12233,https://i5.walmartimages.com/seo/Ferrero-Rocher-12-Count-Premium-Gourmet-Milk-Chocolate-Hazelnut-Individually-Wrapped-Chocolates-For-Gifting-5-3-oz_8009e210-7533-413f-9d99-a8fee3aa8029.b553ed4153c3ce4d677b361c3e5abd30.jpeg,,N/A,https://www.walmart.com/ip/28131328,9.87,https://www.amazon.com/dp/B074B7ZRJZ,https://www.amazon.com/s?k=Ferrero%20Rocher%2C%20%2012%20Count%2C%20Premium%20Gourmet%20Milk%20Chocolate%20Hazelnut%2C%20Individually%20Wrapped%20Chocolates%20For%20Gifting%2C%205.3%20oz,https://www.ebay.com/sch/i.html?_nkw=Ferrero%20Rocher%2C%20%2012%20Count%2C%20Premium%20Gourmet%20Milk%20Chocolate%20Hazelnut%2C%20Individually%20Wrapped%20Chocolates%20For%20Gifting%2C%205.3%20oz,https://www.google.com/search?q=Ferrero%20Rocher%2C%20%2012%20Count%2C%20Premium%20Gourmet%20Milk%20Chocolate%20Hazelnut%2C%20Individually%20Wrapped%20Chocolates%20For%20Gifting%2C%205.3%20oz,https://seller.walmart.com/catalog/add-items?search=28131328,N/A,no,no,no,2,1,1,14,Digital Media Arts LLC,wfs,$14.95,2,$13.49,$14.95,14.95,9.87,0.28,1.89 %,2.86 %,14.55,8.12,1,$-0.04,N/A,$4.80,$3.45,0,$1.20,8.00%,$0.05,1,$0.10,$0.30 /lb,$0.10,$0.00,$0.00,$0.00,$0.00,0,$0.00,4.8,1542,3 or less sellers,"1.49, 8.66, 9.45 in, 0.33 lbs",1.49,8.66,9.45,0.33,N/A,Computer
"06/05/2025, 03:52 AM PDT","06/05/2025, 06:52 AM EDT","06/05/2025, 05:52 AM CDT","06/05/2025, 03:52 AM PDT","Raffaello, 15 Count, Premium Gourmet White Almond, Cream and Coconut, 5.3 oz",10311225,9800145010,Single,2,Raffaello,Grocery,Chocolate & Candy Assortments,N/A,N/A,14115,https://i5.walmartimages.com/seo/Raffaello-15-Count-Premium-Gourmet-White-Almond-Cream-and-Coconut-5-3-oz_b68990c5-06d0-45c7-9e2f-9905da29e902.ced1dfd93cac41532f25da5cd0c03d9e.jpeg,,N/A,https://www.walmart.com/ip/10311225,6.4,https://www.amazon.com/dp/B00OFVLFE0,https://www.amazon.com/s?k=Raffaello%2C%2015%20Count%2C%20Premium%20Gourmet%20White%20Almond%2C%20Cream%20and%20Coconut%2C%205.3%20oz,https://www.ebay.com/sch/i.html?_nkw=Raffaello%2C%2015%20Count%2C%20Premium%20Gourmet%20White%20Almond%2C%20Cream%20and%20Coconut%2C%205.3%20oz,https://www.google.com/search?q=Raffaello%2C%2015%20Count%2C%20Premium%20Gourmet%20White%20Almond%2C%20Cream%20and%20Coconut%2C%205.3%20oz,https://seller.walmart.com/catalog/add-items?search=10311225,N/A,no,yes,no,8,2,6,142,KKRK,wfs,$12.90,9,$12.90,$15.08,12.9,6.4,1.88,14.57 %,29.38 %,10.75,6.62,1,$4.90,N/A,$4.62,$3.45,0,$1.03,8.00%,$0.04,1,$0.10,$0.30 /lb,$0.10,$0.00,$0.00,$0.00,$0.00,0,$0.00,4.9,1094,The listing has 2 variations,"4.60, 4.50, 4.00 in, 0.34 lbs",4.60,4.50,4.00,0.34,N/A,Computer
"06/05/2025, 04:27 AM PDT","06/05/2025, 07:27 AM EDT","06/05/2025, 06:27 AM CDT","06/05/2025, 04:27 AM PDT","FILLO'S Cuban Black Beans Mild Spice - Single Pouch, 10 oz",598832408,869707000207,1,1,FILLO'S,Grocery,Canned & Jarred Beans & Legumes,Sofrito Foods LLC,N/A,2288850,https://i5.walmartimages.com/seo/FILLO-S-Cuban-Black-Beans-Mild-Spice-Single-Pouch-10-oz_7695ac4d-be93-463f-8571-4345c711392d.f4d1358ec90ce5211a7edd0a10968388.jpeg,,N/A,https://www.walmart.com/ip/598832408,2.69,https://www.amazon.com/dp/B07DLF728C,https://www.amazon.com/s?k=FILLO'S%20Cuban%20Black%20Beans%20Mild%20Spice%20-%20Single%20Pouch%2C%2010%20oz,https://www.ebay.com/sch/i.html?_nkw=FILLO'S%20Cuban%20Black%20Beans%20Mild%20Spice%20-%20Single%20Pouch%2C%2010%20oz,https://www.google.com/search?q=FILLO'S%20Cuban%20Black%20Beans%20Mild%20Spice%20-%20Single%20Pouch%2C%2010%20oz,https://seller.walmart.com/catalog/add-items?search=598832408,N/A,yes,yes,no,2,0,2,33,NEXTWAVE OCEAN LLC,mfn,$8.97,24,$8.65,$8.97,8.65,2.69,0.58,6.73 %,21.64 %,7.95,2.62,1,$5.81,2k+ units sold this month on Amazon,$5.38,$3.45,0,$0.69,8.00%,$0.03,1,$1.21,$0.30 /lb,$0.21,$0.00,$0.00,$0.00,$0.00,0,$0.00,4.4,16,3 or less sellers,"1.50, 5.35, 7.45 in, 0.70 lbs",1.50,5.35,7.45,0.70,N/A,Computer
"06/05/2025, 04:33 AM PDT","06/05/2025, 07:33 AM EDT","06/05/2025, 06:33 AM CDT","06/05/2025, 04:33 AM PDT","Thin Crispbread by Finn Crisp, Multigrain, 6.1 oz",33334376,605870000190,N/A,N/A,Finn Crisp,Grocery,Snack Crackers,Finn Crisp,N/A,FIN00019,https://i5.walmartimages.com/seo/Thin-Crispbread-by-Finn-Crisp-Multigrain-6-1-oz_d36d913b-2cda-4167-9e80-e8ec6e28dbda.2fbf80a44428724146d4471d86dc1743.jpeg,,N/A,https://www.walmart.com/ip/33334376,3.04,https://www.amazon.com/dp/B008C29HNY,https://www.amazon.com/s?k=Thin%20Crispbread%20by%20Finn%20Crisp%2C%20Multigrain%2C%206.1%20oz,https://www.ebay.com/sch/i.html?_nkw=Thin%20Crispbread%20by%20Finn%20Crisp%2C%20Multigrain%2C%206.1%20oz,https://www.google.com/search?q=Thin%20Crispbread%20by%20Finn%20Crisp%2C%20Multigrain%2C%206.1%20oz,https://seller.walmart.com/catalog/add-items?search=33334376,N/A,no,no,no,1,0,1,122,iHerb,mfn,$8.97,122,$8.97,$8.97,8.97,3.04,0.59,6.61 %,19.52 %,8.25,2.91,1,$6.99,50+ units sold this month on Amazon,$5.34,$3.45,0,$0.72,8.00%,$0.02,1,$1.15,$0.30 /lb,$0.15,$0.00,$0.00,$0.00,$0.00,0,$0.00,4.7,555,"Pulling package information from B008C29HNY via amazon.com,3 or less sellers","5.51, 5.35, 1.73 in, 0.49 lbs",5.51,5.35,1.73,0.49,N/A,Computer
"06/05/2025, 04:48 AM PDT","06/05/2025, 07:48 AM EDT","06/05/2025, 06:48 AM CDT","06/05/2025, 04:48 AM PDT","Firehook Bakery Firehook Crackers, 5.5 oz",169886409,899055001267,N/A,N/A,Firehook,Grocery,Snack Crackers,Firehook Bakery,N/A,00144614,https://i5.walmartimages.com/seo/Firehook-Bakery-Firehook-Crackers-5-5-oz_589c26eb-15af-4564-8fd4-7669fd987d2f.8222116a83ef1a127e1916059eb64567.jpeg,,N/A,https://www.walmart.com/ip/169886409,3.96,https://www.amazon.com/dp/B07898FM9L,https://www.amazon.com/s?k=Firehook%20Bakery%20Firehook%20Crackers%2C%205.5%20oz,https://www.ebay.com/sch/i.html?_nkw=Firehook%20Bakery%20Firehook%20Crackers%2C%205.5%20oz,https://www.google.com/search?q=Firehook%20Bakery%20Firehook%20Crackers%2C%205.5%20oz,https://seller.walmart.com/catalog/add-items?search=169886409,N/A,no,no,no,3,1,2,207,Third Eye Market,wfs,$12.99,1,$12.97,$13.63,12.99,3.96,4.34,33.40 %,109.56 %,9.30,6.64,1,$9.99,N/A,$4.69,$3.45,0,$1.04,8.00%,$0.04,1,$0.16,$0.30 /lb,$0.16,$0.00,$0.00,$0.00,$0.00,0,$0.00,,0,"Pulling package information from B07898FM9L via amazon.com,3 or less sellers","6.81, 5.20, 2.80 in, 0.53 lbs",6.81,5.20,2.80,0.53,N/A,Computer
"06/06/2025, 04:33 AM PDT","06/06/2025, 07:33 AM EDT","06/06/2025, 06:33 AM CDT","06/06/2025, 04:33 AM PDT","Fresh Gourmet Cheese and Garlic Regular Croutons, 5oz Resealable Bag",270519010,787359100062,N/A,N/A,Fresh Gourmet,Grocery,Salad Toppings,N/A,186961452,10006,https://i5.walmartimages.com/seo/Fresh-Gourmet-Cheese-and-Garlic-Regular-Croutons-5oz-Resealable-Bag_ff0a680b-a9c3-47d9-970b-3abba479af0d.b0baddaba661a2900e6c40176ea944a7.jpeg,,N/A,https://www.walmart.com/ip/270519010,1.98,https://www.amazon.com/dp/B000VYR4XG,https://www.amazon.com/s?k=Fresh%20Gourmet%20Cheese%20and%20Garlic%20Regular%20Croutons%2C%205oz%20Resealable%20Bag,https://www.ebay.com/sch/i.html?_nkw=Fresh%20Gourmet%20Cheese%20and%20Garlic%20Regular%20Croutons%2C%205oz%20Resealable%20Bag,https://www.google.com/search?q=Fresh%20Gourmet%20Cheese%20and%20Garlic%20Regular%20Croutons%2C%205oz%20Resealable%20Bag,https://seller.walmart.com/catalog/add-items?search=270519010,N/A,no,no,no,3,0,3,922,Anytime shopper,mfn,$9.16,7,$9.16,$9.63,9.16,1.98,1.84,20.13 %,93.11 %,7.05,3.06,1,$6.99,500+ units sold this month on Amazon,$5.34,$3.45,0,$0.73,8.00%,$0.06,1,$1.09,$0.30 /lb,$0.09,$0.00,$0.00,$0.00,$0.00,0,$0.00,4.5,41,3 or less sellers,"2.35, 6.25, 9.50 in, 0.31 lbs",2.35,6.25,9.50,0.31,N/A,Computer
"06/06/2025, 04:35 AM PDT","06/06/2025, 07:35 AM EDT","06/06/2025, 06:35 AM CDT","06/06/2025, 04:35 AM PDT","Fresh Gourmet Texas Toast Regular Seasoned Croutons, 5oz, Resealable Bag, Ready-To-Eat",37248939,787359100093,N/A,N/A,Fresh Gourmet,Grocery,Croutons,N/A,N/A,80572,https://i5.walmartimages.com/seo/Fresh-Gourmet-Texas-Toast-Regular-Seasoned-Croutons-5oz-Resealable-Bag-Ready-To-Eat_2404b7f0-c61f-4cc0-a0ac-3c536d83ac65.35e8274f4bc34948212d73e422d69b36.jpeg,,N/A,https://www.walmart.com/ip/37248939,1.98,https://www.amazon.com/dp/B07SWZ7398,https://www.amazon.com/s?k=Fresh%20Gourmet%20Texas%20Toast%20Regular%20Seasoned%20Croutons%2C%205oz%2C%20Resealable%20Bag%2C%20Ready-To-Eat,https://www.ebay.com/sch/i.html?_nkw=Fresh%20Gourmet%20Texas%20Toast%20Regular%20Seasoned%20Croutons%2C%205oz%2C%20Resealable%20Bag%2C%20Ready-To-Eat,https://www.google.com/search?q=Fresh%20Gourmet%20Texas%20Toast%20Regular%20Seasoned%20Croutons%2C%205oz%2C%20Resealable%20Bag%2C%20Ready-To-Eat,https://seller.walmart.com/catalog/add-items?search=37248939,N/A,no,no,no,3,0,3,698,NVO SUPPLY LLC,mfn,$8.81,6,$8.44,$9.63,8.81,1.98,1.51,17.13 %,76.21 %,7.10,2.79,1,$9.79,N/A,$5.32,$3.45,0,$0.70,8.00%,$0.07,1,$1.10,$0.30 /lb,$0.10,$0.00,$0.00,$0.00,$0.00,0,$0.00,4.3,47,"Pulling package information from B07SWZ7398 via amazon.com,3 or less sellers","9.25, 7.09, 2.36 in, 0.33 lbs",9.25,7.09,2.36,0.33,N/A,Computer
"06/06/2025, 04:39 AM PDT","06/06/2025, 07:39 AM EDT","06/06/2025, 06:39 AM CDT","06/06/2025, 04:39 AM PDT",FROOT LOOPS 4OZ GUMMY BAG,476368845,768395550585,Single,2,Froot Loops,Grocery,Gummy Candy,N/A,N/A,N/A,https://i5.walmartimages.com/seo/FROOT-LOOPS-4OZ-GUMMY-BAG_ae156b8f-0125-4d19-bc0f-b43f8a2966fe.95150bb7e64f311fbc98bafcd4cfa26e.jpeg,,N/A,https://www.walmart.com/ip/476368845,1.86,https://www.amazon.com/dp/B09TS19G12,https://www.amazon.com/s?k=FROOT%20LOOPS%204OZ%20GUMMY%20BAG,https://www.ebay.com/sch/i.html?_nkw=FROOT%20LOOPS%204OZ%20GUMMY%20BAG,https://www.google.com/search?q=FROOT%20LOOPS%204OZ%20GUMMY%20BAG,https://seller.walmart.com/catalog/add-items?search=476368845,N/A,no,no,no,3,1,2,195,SARONITE,wfs,$8.88,18,$8.88,$12.41,8.88,1.86,0.09,0.98 %,4.66 %,8.70,1.56,1,$5.99,100+ units sold this month on Amazon,$6.93,$4.95,0,$0.71,8.00%,$0.04,1,$1.23,$0.30 /lb,$0.23,$0.00,$0.00,$0.00,$0.00,0,$0.00,2.6,44,"The listing has 2 variations,Pulling package information from B09TS19G12 via amazon.com,3 or less sellers","7.13, 5.83, 2.32 in, 0.77 lbs",7.13,5.83,2.32,0.77,N/A,Computer
"06/06/2025, 04:46 AM PDT","06/06/2025, 07:46 AM EDT","06/06/2025, 06:46 AM CDT","06/06/2025, 04:46 AM PDT",Colombina Filled Hard Candy Assorted 5 lb. Bulk 209-00248,52900782,14272165602,"One Size, Single",4,GREEN RABBIT HOLDINGS INC,Grocery,Chocolate & Candy Assortments,N/A,N/A,209-00248,https://i5.walmartimages.com/seo/Colombina-Filled-Hard-Candy-Assorted-5-lb-Bulk-209-00248_0ee957cf-70ed-44cd-b25c-01686b5a874b.5ea3f264b342ad315de2eaaa8adc365b.jpeg,,N/A,https://www.walmart.com/ip/52900782,10,https://www.amazon.com/dp/B0040UTSMC,https://www.amazon.com/s?k=Colombina%20Filled%20Hard%20Candy%20Assorted%205%20lb.%20Bulk%20209-00248,https://www.ebay.com/sch/i.html?_nkw=Colombina%20Filled%20Hard%20Candy%20Assorted%205%20lb.%20Bulk%20209-00248,https://www.google.com/search?q=Colombina%20Filled%20Hard%20Candy%20Assorted%205%20lb.%20Bulk%20209-00248,https://seller.walmart.com/catalog/add-items?search=52900782,N/A,no,no,no,7,0,7,84,Fasig Enterprises LLC,mfn,$26.57,1,$26.57,$42.50,26.57,10,4.42,16.64 %,44.22 %,21.30,11.54,1,$29.31,100+ units sold this month on Amazon,$12.15,$6.55,0,$3.99,15.00%,$0.11,1,$1.50,$0.30 /lb,$1.50,$0.00,$0.00,$0.00,$0.00,0,$0.00,4.1,19,The listing has 4 variations,"8.99, 7.99, 3.61 in, 5.00 lbs",8.99,7.99,3.61,5.00,N/A,Computer
"06/09/2025, 01:09 AM PDT","06/09/2025, 04:09 AM EDT","06/09/2025, 03:09 AM CDT","06/09/2025, 01:09 AM PDT","Frankford, Post Fruity Pebbles Cereal 'N Candy Bunny, Easter Candy,1.6 oz",697864891,41376712845,N/A,N/A,Frankford,Grocery,Chocolate Candy,N/A,N/A,N/A,https://i5.walmartimages.com/seo/Frankford-Post-Fruity-Pebbles-Cereal-N-Candy-Bunny-Easter-Candy-1-6-oz_3a2e1b03-9004-4727-9ff4-124d2772b952.fa5ce7d5b05068ad5ebc8a79aba6e297.jpeg,,N/A,https://www.walmart.com/ip/697864891,1.25,https://www.amazon.com/dp/B09T9212GS,https://www.amazon.com/s?k=Frankford%2C%20Post%20Fruity%20Pebbles%20Cereal%20'N%20Candy%20Bunny%2C%20Easter%20Candy%2C1.6%20oz,https://www.ebay.com/sch/i.html?_nkw=Frankford%2C%20Post%20Fruity%20Pebbles%20Cereal%20'N%20Candy%20Bunny%2C%20Easter%20Candy%2C1.6%20oz,https://www.google.com/search?q=Frankford%2C%20Post%20Fruity%20Pebbles%20Cereal%20'N%20Candy%20Bunny%2C%20Easter%20Candy%2C1.6%20oz,https://seller.walmart.com/catalog/add-items?search=697864891,N/A,no,no,no,3,0,3,39,Bigiis,mfn,$7.99,21,$7.99,$8.30,7.99,1.25,1.58,19.82 %,126.69 %,6.20,2.27,1,$8.98,N/A,$5.16,$3.45,0,$0.64,8.00%,$0.01,1,$1.05,$0.30 /lb,$0.05,$0.00,$0.00,$0.00,$0.00,0,$0.00,4.1,16,"Pulling package information from B09T9212GS via amazon.com,3 or less sellers","6.81, 4.76, 0.94 in, 0.18 lbs",6.81,4.76,0.94,0.18,N/A,Computer
"06/09/2025, 01:12 AM PDT","06/09/2025, 04:12 AM EDT","06/09/2025, 03:12 AM CDT","06/09/2025, 01:12 AM PDT","Frankford Post Fruity Pebbles Flavored King Size Candy Bar, 2.75 oz",922409098,41376107795,N/A,N/A,Frankford,Grocery,Candy Bars & Miniatures,N/A,N/A,N/A,https://i5.walmartimages.com/seo/Frankford-Post-Fruity-Pebbles-Flavored-King-Size-Candy-Bar-2-75-oz_5c4097b1-325a-4e4c-b0fb-f8b0ee31123b.51787a9e5f371d082f48e61125f0a2e3.jpeg,,N/A,https://www.walmart.com/ip/922409098,1.25,https://www.amazon.com/dp/B08NHLQC8Q,https://www.amazon.com/s?k=Frankford%20Post%20Fruity%20Pebbles%20Flavored%20King%20Size%20Candy%20Bar%2C%202.75%20oz,https://www.ebay.com/sch/i.html?_nkw=Frankford%20Post%20Fruity%20Pebbles%20Flavored%20King%20Size%20Candy%20Bar%2C%202.75%20oz,https://www.google.com/search?q=Frankford%20Post%20Fruity%20Pebbles%20Flavored%20King%20Size%20Candy%20Bar%2C%202.75%20oz,https://seller.walmart.com/catalog/add-items?search=922409098,N/A,no,no,no,1,0,1,84,King of Sweets,mfn,$6.94,84,$6.94,$6.94,6.94,1.25,0.63,9.03 %,50.14 %,6.20,1.50,1,$7.95,N/A,$5.06,$3.45,0,$0.56,8.00%,$0.01,1,$1.05,$0.30 /lb,$0.05,$0.00,$0.00,$0.00,$0.00,0,$0.00,4.5,18,3 or less sellers,"2.40, 1.00, 6.75 in, 0.17 lbs",2.40,1.00,6.75,0.17,N/A,Computer
"06/09/2025, 01:19 AM PDT","06/09/2025, 04:19 AM EDT","06/09/2025, 03:19 AM CDT","06/09/2025, 01:19 AM PDT","Real Food From the Ground Up Cauliflower Sea Salt Chips, Grain-Free, 3.5 oz Bag",354265038,810571031200,Single,2,Real Food From The Ground Up,Grocery,Snack Chips,"Earthly Treats, Inc.",N/A,0810571031200,https://i5.walmartimages.com/seo/Real-Food-From-the-Ground-Up-Cauliflower-Sea-Salt-Chips-Grain-Free-3-5-oz-Bag_507ae9c2-f5fe-47dd-9b9e-335de9f8d1e2.6a8241cb4eed310cf38452c23001362f.jpeg,,N/A,https://www.walmart.com/ip/354265038,3.61,https://www.amazon.com/dp/B08W3HVQBH,https://www.amazon.com/s?k=Real%20Food%20From%20the%20Ground%20Up%20Cauliflower%20Sea%20Salt%20Chips%2C%20Grain-Free%2C%203.5%20oz%20Bag,https://www.ebay.com/sch/i.html?_nkw=Real%20Food%20From%20the%20Ground%20Up%20Cauliflower%20Sea%20Salt%20Chips%2C%20Grain-Free%2C%203.5%20oz%20Bag,https://www.google.com/search?q=Real%20Food%20From%20the%20Ground%20Up%20Cauliflower%20Sea%20Salt%20Chips%2C%20Grain-Free%2C%203.5%20oz%20Bag,https://seller.walmart.com/catalog/add-items?search=354265038,Best seller,no,no,no,6,0,6,279,Flow carte,mfn,$12.78,2,$12.78,$14.99,12.78,3.61,4.54,35.53 %,125.79 %,8.85,6.52,1,$8.87,N/A,$4.63,$3.45,0,$1.02,8.00%,$0.09,1,$0.07,$0.30 /lb,$0.07,$0.00,$0.00,$0.00,$0.00,0,$0.00,4.7,48,"The listing has 2 variations,Pulling package information from B08W3HVQBH via amazon.com","11.85, 6.89, 2.56 in, 0.22 lbs",11.85,6.89,2.56,0.22,N/A,Computer
"06/09/2025, 01:20 AM PDT","06/09/2025, 04:20 AM EDT","06/09/2025, 03:20 AM CDT","06/09/2025, 01:20 AM PDT","Real Food From The Ground Up Cauliflower Cheddar Crackers, 4 oz box",691905333,810571030050,N/A,N/A,Real Food From The Ground Up,Grocery,Snack Crackers,Halen Brands,N/A,3005,https://i5.walmartimages.com/seo/Real-Food-From-The-Ground-Up-Cauliflower-Cheddar-Crackers-4-oz-box_441700e3-7f61-4aeb-a524-ffb2d9e9e1d3_1.f5d04978f7bac71903f8e338c7a3a357.jpeg,,N/A,https://www.walmart.com/ip/691905333,3.68,https://www.amazon.com/dp/B07HJBT234,https://www.amazon.com/s?k=Real%20Food%20From%20The%20Ground%20Up%20Cauliflower%20Cheddar%20Crackers%2C%204%20oz%20box,https://www.ebay.com/sch/i.html?_nkw=Real%20Food%20From%20The%20Ground%20Up%20Cauliflower%20Cheddar%20Crackers%2C%204%20oz%20box,https://www.google.com/search?q=Real%20Food%20From%20The%20Ground%20Up%20Cauliflower%20Cheddar%20Crackers%2C%204%20oz%20box,https://seller.walmart.com/catalog/add-items?search=691905333,N/A,no,yes,no,3,1,2,256,SJK Enterprises LLC,wfs,$10.79,2,$10.41,$10.79,10.79,3.68,2.67,24.70 %,72.43 %,8.90,5.08,1,$4.86,700+ units sold this month on Amazon,$4.44,$3.45,0,$0.86,8.00%,$0.04,1,$0.09,$0.30 /lb,$0.09,$0.00,$0.00,$0.00,$0.00,0,$0.00,4.2,347,"Pulling package information from B07HJBT234 via amazon.com,3 or less sellers","8.19, 5.39, 2.01 in, 0.31 lbs",8.19,5.39,2.01,0.31,N/A,Computer
"06/09/2025, 01:21 AM PDT","06/09/2025, 04:21 AM EDT","06/09/2025, 03:21 AM CDT","06/09/2025, 01:21 AM PDT","Real Food From The Ground Up Cauliflower Sea Salt Crackers, 4 oz box",113269573,810571030043,N/A,N/A,Real Food From The Ground Up,Grocery,Snack Crackers,"Earthly Treats, Inc.",N/A,3004,https://i5.walmartimages.com/seo/Real-Food-From-The-Ground-Up-Cauliflower-Sea-Salt-Crackers-4-oz-box_8363853d-b785-4b8f-ae76-ee270873b998.79854dd1cf441ae446272c08b9db81a9.jpeg,,N/A,https://www.walmart.com/ip/113269573,3.68,https://www.amazon.com/dp/B07FYQKYB5,https://www.amazon.com/s?k=Real%20Food%20From%20The%20Ground%20Up%20Cauliflower%20Sea%20Salt%20Crackers%2C%204%20oz%20box,https://www.ebay.com/sch/i.html?_nkw=Real%20Food%20From%20The%20Ground%20Up%20Cauliflower%20Sea%20Salt%20Crackers%2C%204%20oz%20box,https://www.google.com/search?q=Real%20Food%20From%20The%20Ground%20Up%20Cauliflower%20Sea%20Salt%20Crackers%2C%204%20oz%20box,https://seller.walmart.com/catalog/add-items?search=113269573,N/A,no,no,no,3,0,3,187,CPGIO,mfn,$10.41,138,$10.41,$12.99,10.41,3.68,2.31,22.17 %,62.70 %,8.90,4.79,1,$6.99,50+ units sold this month on Amazon,$4.42,$3.45,0,$0.83,8.00%,$0.04,1,$0.10,$0.30 /lb,$0.10,$0.00,$0.00,$0.00,$0.00,0,$0.00,4.2,197,"Pulling package information from B07FYQKYB5 via amazon.com,3 or less sellers","8.19, 5.59, 2.05 in, 0.33 lbs",8.19,5.59,2.05,0.33,N/A,Computer
"06/09/2025, 01:22 AM PDT","06/09/2025, 04:22 AM EDT","06/09/2025, 03:22 AM CDT","06/09/2025, 01:22 AM PDT","Real Food From The Ground Up Everything Cauliflower Snacking Crackers, 3.5 oz",633456877,810571031323,N/A,N/A,ONLINE,Grocery,Snack Crackers,From The Ground Up,N/A,N/A,https://i5.walmartimages.com/seo/Real-Food-From-The-Ground-Up-Everything-Cauliflower-Snacking-Crackers-3-5-oz_11f3ba6e-0b6e-4d07-914a-0c828cc0d9f4.f3c86bca41e3bd5f6f3fad3f988678ac.jpeg,,N/A,https://www.walmart.com/ip/633456877,3.57,https://www.amazon.com/dp/B09FCNQYNT,https://www.amazon.com/s?k=Real%20Food%20From%20The%20Ground%20Up%20Everything%20Cauliflower%20Snacking%20Crackers%2C%203.5%20oz,https://www.ebay.com/sch/i.html?_nkw=Real%20Food%20From%20The%20Ground%20Up%20Everything%20Cauliflower%20Snacking%20Crackers%2C%203.5%20oz,https://www.google.com/search?q=Real%20Food%20From%20The%20Ground%20Up%20Everything%20Cauliflower%20Snacking%20Crackers%2C%203.5%20oz,https://seller.walmart.com/catalog/add-items?search=633456877,N/A,no,no,no,2,0,2,270,iHerb,mfn,$10.44,56,$10.44,$10.79,10.44,3.57,2.47,23.63 %,69.11 %,8.75,4.83,1,$8.49,50+ units sold this month on Amazon,$4.40,$3.45,0,$0.84,8.00%,$0.07,1,$0.04,$0.30 /lb,$0.04,$0.00,$0.00,$0.00,$0.00,0,$0.00,4,26,"Pulling package information from B09FCNQYNT via amazon.com,3 or less sellers","7.99, 7.01, 2.99 in, 0.15 lbs",7.99,7.01,2.99,0.15,N/A,Computer
"06/09/2025, 01:23 AM PDT","06/09/2025, 04:23 AM EDT","06/09/2025, 03:23 AM CDT","06/09/2025, 01:23 AM PDT","Real Food From The Ground Up Cauliflower Pretzel Sticks, 4.5 Oz",487635881,810571030081,N/A,N/A,Real Food From The Ground Up,Grocery,Snack Chips,HALEN BRANDS,N/A,3008,https://i5.walmartimages.com/seo/Real-Food-From-The-Ground-Up-Cauliflower-Pretzel-Sticks-4-5-Oz_36e4b802-08bc-4d9f-aaf3-1d071fe2ba69_1.f7b22165c64a78a2be598413dcb6cde3.jpeg,,N/A,https://www.walmart.com/ip/487635881,3.61,N/A,https://www.amazon.com/s?k=Real%20Food%20From%20The%20Ground%20Up%20Cauliflower%20Pretzel%20Sticks%2C%204.5%20Oz,https://www.ebay.com/sch/i.html?_nkw=Real%20Food%20From%20The%20Ground%20Up%20Cauliflower%20Pretzel%20Sticks%2C%204.5%20Oz,https://www.google.com/search?q=Real%20Food%20From%20The%20Ground%20Up%20Cauliflower%20Pretzel%20Sticks%2C%204.5%20Oz,https://seller.walmart.com/catalog/add-items?search=487635881,N/A,no,no,no,1,0,1,325,CPGIO,mfn,$17.61,325,$17.61,$17.61,17.61,3.61,7.75,44.02 %,214.72 %,8.85,9.09,1,NA,N/A,$6.25,$3.45,0,$2.64,15.00%,$0.07,1,$0.09,$0.30 /lb,$0.09,$0.00,$0.00,$0.00,$0.00,0,$0.00,4.6,41,"For better accuracy, we’ve used dimensions from B07JC7H7NQ to provide more precise estimates,3 or less sellers","9.37, 6.73, 2.56 in, 0.29 lbs",9.37,6.73,2.56,0.29,N/A,Computer
"06/09/2025, 01:30 AM PDT","06/09/2025, 04:30 AM EDT","06/09/2025, 03:30 AM CDT","06/09/2025, 01:30 AM PDT","Real Food From The Ground Up Cauliflower Sea Salt Stalks, 4 oz Bag",381693694,810571030395,Single,2,Real Food From The Ground Up,Grocery,Snack Chips,"Earthly Treats, Inc.",N/A,NF2384410,https://i5.walmartimages.com/seo/Real-Food-From-The-Ground-Up-Cauliflower-Sea-Salt-Stalks-4-oz-Bag_96c94e82-8473-4ec6-88f9-ad1263409f06.785438c025c06a9d42b7e2df543df1b4.jpeg,,N/A,https://www.walmart.com/ip/381693694,3.61,https://www.amazon.com/dp/B07NSS5R4T,https://www.amazon.com/s?k=Real%20Food%20From%20The%20Ground%20Up%20Cauliflower%20Sea%20Salt%20Stalks%2C%204%20oz%20Bag,https://www.ebay.com/sch/i.html?_nkw=Real%20Food%20From%20The%20Ground%20Up%20Cauliflower%20Sea%20Salt%20Stalks%2C%204%20oz%20Bag,https://www.google.com/search?q=Real%20Food%20From%20The%20Ground%20Up%20Cauliflower%20Sea%20Salt%20Stalks%2C%204%20oz%20Bag,https://seller.walmart.com/catalog/add-items?search=381693694,Best seller,no,no,no,5,0,5,16,Market Masters LLC,mfn,$13.32,5,$12.88,$14.22,13.32,3.61,5,37.50 %,138.37 %,8.90,6.88,1,$3.89,2k+ units sold this month on Amazon,$4.71,$3.45,0,$1.07,8.00%,$0.13,1,$0.07,$0.30 /lb,$0.07,$0.00,$0.00,$0.00,$0.00,0,$0.00,4.7,103,"The listing has 2 variations,Pulling package information from B07NSS5R4T via amazon.com","11.89, 7.83, 3.15 in, 0.24 lbs",11.89,7.83,3.15,0.24,N/A,Computer
"06/09/2025, 01:34 AM PDT","06/09/2025, 04:34 AM EDT","06/09/2025, 03:34 AM CDT","06/09/2025, 01:34 AM PDT","From the Ground Up You Need This Cinnamon Churro Puffs, 4 oz Bag",266698281,810571030708,Single,2,You Need This,Grocery,Puffed Snacks,N/A,N/A,N/A,https://i5.walmartimages.com/seo/From-the-Ground-Up-You-Need-This-Cinnamon-Churro-Puffs-4-oz-Bag_8bf1edc4-7a04-4ed7-ba8b-ffcb51e21c09.44388fb85036a6be4a4025d90366159c.jpeg,,N/A,https://www.walmart.com/ip/266698281,3.91,https://www.amazon.com/dp/B08SW5FCRD,https://www.amazon.com/s?k=From%20the%20Ground%20Up%20You%20Need%20This%20Cinnamon%20Churro%20Puffs%2C%204%20oz%20Bag,https://www.ebay.com/sch/i.html?_nkw=From%20the%20Ground%20Up%20You%20Need%20This%20Cinnamon%20Churro%20Puffs%2C%204%20oz%20Bag,https://www.google.com/search?q=From%20the%20Ground%20Up%20You%20Need%20This%20Cinnamon%20Churro%20Puffs%2C%204%20oz%20Bag,https://seller.walmart.com/catalog/add-items?search=266698281,N/A,no,no,no,1,0,1,124,CPGIO,mfn,$16.47,124,$16.47,$16.47,16.47,3.91,6.38,38.76 %,163.27 %,9.30,8.24,1,OOS,N/A,$6.18,$3.45,0,$2.47,15.00%,$0.17,1,$0.08,$0.30 /lb,$0.08,$0.00,$0.00,$0.00,$0.00,0,$0.00,4.7,54,"The listing has 2 variations,3 or less sellers","4.00, 8.35, 12.05 in, 0.27 lbs",4.00,8.35,12.05,0.27,N/A,Computer
"06/09/2025, 01:42 AM PDT","06/09/2025, 04:42 AM EDT","06/09/2025, 03:42 AM CDT","06/09/2025, 01:42 AM PDT","FULFIL Nutrition Nutrition Vitamin & Protein Bar, Chocolate Peanut Caramel, 1 Bar",655248269,851724008250,1,1,FULFIL Nutrition,Health & Personal Care,"Nutrition Bars, Gels & Chews",N/A,N/A,FULFIL Nutrition,https://i5.walmartimages.com/seo/Fulfil-Nutrition-Vitamin-Protein-Bar-Chocolate-Peanut-Caramel-1-Bar_c3f51883-7418-4449-96fb-40db65935a3b.d7825d4de312a029e3bbe63ef7fc881f.jpeg,,N/A,https://www.walmart.com/ip/655248269,1.56,N/A,https://www.amazon.com/s?k=FULFIL%20Nutrition%20Nutrition%20Vitamin%20%26%20Protein%20Bar%2C%20Chocolate%20Peanut%20Caramel%2C%201%20Bar,https://www.ebay.com/sch/i.html?_nkw=FULFIL%20Nutrition%20Nutrition%20Vitamin%20%26%20Protein%20Bar%2C%20Chocolate%20Peanut%20Caramel%2C%201%20Bar,https://www.google.com/search?q=FULFIL%20Nutrition%20Nutrition%20Vitamin%20%26%20Protein%20Bar%2C%20Chocolate%20Peanut%20Caramel%2C%201%20Bar,https://seller.walmart.com/catalog/add-items?search=655248269,N/A,no,no,no,2,0,2,12,AutoCommerce Solutions LLC,mfn,$7.78,5,$7.78,$11.45,7.78,1.56,1.12,14.37 %,71.68 %,6.50,2.14,1,NA,N/A,$5.10,$3.45,0,$0.62,8.00%,$0.00,1,$1.03,$0.30 /lb,$0.03,$0.00,$0.00,$0.00,$0.00,0,$0.00,4.3,2716,3 or less sellers,"1.50, 5.38, 0.70 in, 0.09 lbs",1.50,5.38,0.70,0.09,N/A,Computer
"06/09/2025, 01:43 AM PDT","06/09/2025, 04:43 AM EDT","06/09/2025, 03:43 AM CDT","06/09/2025, 01:43 AM PDT","FULFIL Nutrition Nutrition Vitamin & Protein Bar, Chocolate Peanut Caramel, 1 Bar",655248269,851724008250,1,1,FULFIL Nutrition,Health & Personal Care,"Nutrition Bars, Gels & Chews",N/A,N/A,FULFIL Nutrition,https://i5.walmartimages.com/seo/Fulfil-Nutrition-Vitamin-Protein-Bar-Chocolate-Peanut-Caramel-1-Bar_c3f51883-7418-4449-96fb-40db65935a3b.d7825d4de312a029e3bbe63ef7fc881f.jpeg,,N/A,https://www.walmart.com/ip/655248269,1.56,N/A,https://www.amazon.com/s?k=FULFIL%20Nutrition%20Nutrition%20Vitamin%20%26%20Protein%20Bar%2C%20Chocolate%20Peanut%20Caramel%2C%201%20Bar,https://www.ebay.com/sch/i.html?_nkw=FULFIL%20Nutrition%20Nutrition%20Vitamin%20%26%20Protein%20Bar%2C%20Chocolate%20Peanut%20Caramel%2C%201%20Bar,https://www.google.com/search?q=FULFIL%20Nutrition%20Nutrition%20Vitamin%20%26%20Protein%20Bar%2C%20Chocolate%20Peanut%20Caramel%2C%201%20Bar,https://seller.walmart.com/catalog/add-items?search=655248269,N/A,no,no,no,2,0,2,12,AutoCommerce Solutions LLC,mfn,$7.78,5,$7.78,$11.45,7.78,1.56,1.12,14.37 %,71.68 %,6.50,2.14,1,NA,N/A,$5.10,$3.45,0,$0.62,8.00%,$0.00,1,$1.03,$0.30 /lb,$0.03,$0.00,$0.00,$0.00,$0.00,0,$0.00,4.3,2716,3 or less sellers,"1.50, 5.38, 0.70 in, 0.09 lbs",1.50,5.38,0.70,0.09,N/A,Computer
"06/09/2025, 01:53 AM PDT","06/09/2025, 04:53 AM EDT","06/09/2025, 03:53 AM CDT","06/09/2025, 01:53 AM PDT","G Hughes Sugar Free Asian Miso Dressing, 12 fl oz",939592868,26825090354,N/A,N/A,G Hughes,Grocery,Salad Dressings,N/A,N/A,N/A,https://i5.walmartimages.com/seo/G-Hughes-Sugar-Free-Asian-Miso-Dressing-12-fl-oz_48093fc2-4e37-436a-abbc-4ec4beec8217.761224e20e41106cec41409aff14fd43.jpeg,,N/A,https://www.walmart.com/ip/939592868,3.75,https://www.amazon.com/dp/B08C26Z91B,https://www.amazon.com/s?k=G%20Hughes%20Sugar%20Free%20Asian%20Miso%20Dressing%2C%2012%20fl%20oz,https://www.ebay.com/sch/i.html?_nkw=G%20Hughes%20Sugar%20Free%20Asian%20Miso%20Dressing%2C%2012%20fl%20oz,https://www.google.com/search?q=G%20Hughes%20Sugar%20Free%20Asian%20Miso%20Dressing%2C%2012%20fl%20oz,https://seller.walmart.com/catalog/add-items?search=939592868,N/A,yes,yes,no,3,0,3,25,Diya Mall,mfn,$11.99,17,$11.99,$14.50,11.99,3.75,2.06,17.21 %,55.01 %,0.00,4.65,1,$3.44,100+ units sold this month on Amazon,$6.18,$4.95,0,$0.96,8.00%,$0.02,1,$0.25,$0.30 /lb,$0.25,$0.00,$0.00,$0.00,$0.00,0,$0.00,4.7,40,"Pulling package information from B08C26Z91B via amazon.com,3 or less sellers","7.76, 2.20, 2.13 in, 0.84 lbs",7.76,2.20,2.13,0.84,N/A,Computer
"06/09/2025, 01:56 AM PDT","06/09/2025, 04:56 AM EDT","06/09/2025, 03:56 AM CDT","06/09/2025, 01:56 AM PDT","Summer Garden Food G Hughes Smokehouse BBQ Sauce, 18 oz",40740654,26825000100,N/A,N/A,G Hughes,Grocery,Barbecue Sauces,N/A,N/A,10026825000107,https://i5.walmartimages.com/seo/Summer-Garden-Food-G-Hughes-Smokehouse-BBQ-Sauce-18-oz_c4327de5-6636-46fc-8498-04fa8957136d.74f9f20a5098ee42eb94351891e23a4d.jpeg,,N/A,https://www.walmart.com/ip/40740654,4.65,https://www.amazon.com/dp/B00OHY3M6E,https://www.amazon.com/s?k=Summer%20Garden%20Food%20G%20Hughes%20Smokehouse%20BBQ%20Sauce%2C%2018%20oz,https://www.ebay.com/sch/i.html?_nkw=Summer%20Garden%20Food%20G%20Hughes%20Smokehouse%20BBQ%20Sauce%2C%2018%20oz,https://www.google.com/search?q=Summer%20Garden%20Food%20G%20Hughes%20Smokehouse%20BBQ%20Sauce%2C%2018%20oz,https://seller.walmart.com/catalog/add-items?search=40740654,N/A,no,no,no,2,0,2,37,WF Market,mfn,$11.99,31,$11.99,$14.99,11.99,4.65,0.37,3.12 %,8.04 %,11.50,4.02,1,$44.75,N/A,$6.97,$5.45,0,$0.96,8.00%,$0.03,1,$0.53,$0.30 /lb,$0.53,$0.00,$0.00,$0.00,$0.00,0,$0.00,4.6,26,3 or less sellers,"2.88, 2.88, 7.19 in, 1.77 lbs",2.88,2.88,7.19,1.77,N/A,Computer
"06/09/2025, 01:57 AM PDT","06/09/2025, 04:57 AM EDT","06/09/2025, 03:57 AM CDT","06/09/2025, 01:57 AM PDT","G Hughes Sugar Free Caribbean Jerk Wing Sauce, 12 fl oz",172249395,26825090514,N/A,N/A,G Hughes,Grocery,Cooking Sauces & Marinades,N/A,N/A,N/A,https://i5.walmartimages.com/seo/G-Hughes-Sugar-Free-Caribbean-Jerk-Wing-Sauce-12-fl-oz_deda5abe-bec1-42da-9af8-bcb3d576328a.0a79195a20e17d1faf56036ed480d372.jpeg,,N/A,https://www.walmart.com/ip/172249395,4.11,https://www.amazon.com/dp/B0BR8P8Q74,https://www.amazon.com/s?k=G%20Hughes%20Sugar%20Free%20Caribbean%20Jerk%20Wing%20Sauce%2C%2012%20fl%20oz,https://www.ebay.com/sch/i.html?_nkw=G%20Hughes%20Sugar%20Free%20Caribbean%20Jerk%20Wing%20Sauce%2C%2012%20fl%20oz,https://www.google.com/search?q=G%20Hughes%20Sugar%20Free%20Caribbean%20Jerk%20Wing%20Sauce%2C%2012%20fl%20oz,https://seller.walmart.com/catalog/add-items?search=172249395,N/A,no,no,no,2,2,0,24,ACEX LLC,wfs,$11.94,22,$11.94,$11.97,11.94,4.11,1.65,13.79 %,40.05 %,10.05,4.60,1,$11.97,N/A,$6.18,$4.95,0,$0.96,8.00%,$0.01,1,$0.26,$0.30 /lb,$0.26,$0.00,$0.00,$0.00,$0.00,0,$0.00,4.5,13,"Pulling package information from B0BR8P8Q74 via amazon.com,3 or less sellers","7.95, 2.09, 2.05 in, 0.88 lbs",7.95,2.09,2.05,0.88,N/A,Computer
"06/09/2025, 03:11 AM PDT","06/09/2025, 06:11 AM EDT","06/09/2025, 05:11 AM CDT","06/09/2025, 03:11 AM PDT","G Hughes Sugar Free Smoky Mesquite Marinade, 12 oz",986300358,26825090101,"smoky-mesquite-12oz, Single",3,G Hughes,Grocery,Cooking Sauces & Marinades,N/A,N/A,N/A,https://i5.walmartimages.com/seo/G-Hughes-Sugar-Free-Smoky-Mesquite-Marinade-12-oz_e2fab59e-1864-4102-b16a-a520a29b6e6f.78cb842fcc8ab0ccd9e19f73dfee6078.jpeg,,N/A,https://www.walmart.com/ip/986300358,4.52,https://www.amazon.com/dp/B0CZY1XKMJ,https://www.amazon.com/s?k=G%20Hughes%20Sugar%20Free%20Smoky%20Mesquite%20Marinade%2C%2012%20oz,https://www.ebay.com/sch/i.html?_nkw=G%20Hughes%20Sugar%20Free%20Smoky%20Mesquite%20Marinade%2C%2012%20oz,https://www.google.com/search?q=G%20Hughes%20Sugar%20Free%20Smoky%20Mesquite%20Marinade%2C%2012%20oz,https://seller.walmart.com/catalog/add-items?search=986300358,N/A,no,no,no,1,0,1,3,Shami Group LLC,mfn,$18.25,3,$18.25,$18.25,18.25,4.52,5.8,31.78 %,128.33 %,10.45,8.26,1,$12.88,N/A,$7.93,$4.95,0,$2.74,15.00%,$0.01,1,$0.24,$0.30 /lb,$0.24,$0.00,$0.00,$0.00,$0.00,0,$0.00,4.1,90,"The listing has 3 variations,Pulling package information from B0CZY1XKMJ via amazon.com,3 or less sellers","3.15, 2.36, 1.57 in, 0.79 lbs",3.15,2.36,1.57,0.79,N/A,Computer
"06/09/2025, 03:15 AM PDT","06/09/2025, 06:15 AM EDT","06/09/2025, 05:15 AM CDT","06/09/2025, 03:15 AM PDT","G Hughes Sugar Free Thousand Island Dressing, 12 fl oz",197156321,26825090378,Single,2,G Hughes,Grocery,Salad Dressings,N/A,N/A,N/A,https://i5.walmartimages.com/seo/G-Hughes-Sugar-Free-Thousand-Island-Dressing-12-fl-oz_2bc64072-7ef8-42c4-b5be-cb706780286e.0d470172cf44c9486cc44c33e320b625.jpeg,,N/A,https://www.walmart.com/ip/197156321,3.75,https://www.amazon.com/dp/B0BR8QW567,https://www.amazon.com/s?k=G%20Hughes%20Sugar%20Free%20Thousand%20Island%20Dressing%2C%2012%20fl%20oz,https://www.ebay.com/sch/i.html?_nkw=G%20Hughes%20Sugar%20Free%20Thousand%20Island%20Dressing%2C%2012%20fl%20oz,https://www.google.com/search?q=G%20Hughes%20Sugar%20Free%20Thousand%20Island%20Dressing%2C%2012%20fl%20oz,https://seller.walmart.com/catalog/add-items?search=197156321,N/A,no,no,no,8,0,8,69,SDP Corporation,mfn,$11.06,9,$10.08,$15.95,11.06,3.75,2.75,24.86 %,73.33 %,9.05,5.20,1,$10.75,N/A,$4.56,$3.45,0,$0.88,8.00%,$0.00,1,$0.22,$0.30 /lb,$0.22,$0.00,$0.00,$0.00,$0.00,0,$0.00,3.8,22,The listing has 2 variations,"1.00, 1.00, 1.00 in, 0.75 lbs",1.00,1.00,1.00,0.75,N/A,Computer
"06/09/2025, 04:01 AM PDT","06/09/2025, 07:01 AM EDT","06/09/2025, 06:01 AM CDT","06/09/2025, 04:01 AM PDT",Genius Gourmet Crispy Protein Treat - Salted Caramel Low Carb Low Sugar Snacks (10 Protein Bars),1329215010,850027900551,Salted Caramel,3,Genius Gourmet,Health & Personal Care,"Nutrition Bars, Gels & Chews",N/A,N/A,N/A,https://i5.walmartimages.com/seo/Genius-Gourmet-Crispy-Protein-Treat-Salted-Caramel-Low-Carb-Low-Sugar-Snacks-10-Protein-Bars_4ad5c03f-f191-4639-92b1-b4d01ac0660d.f5132562aa6e0a1e4cb0f828a62b4080.jpeg,,N/A,https://www.walmart.com/ip/1329215010,14.9,https://www.amazon.com/dp/B0BHZT6T48,https://www.amazon.com/s?k=Genius%20Gourmet%20Crispy%20Protein%20Treat%20-%20Salted%20Caramel%20Low%20Carb%20Low%20Sugar%20Snacks%20(10%20Protein%20Bars),https://www.ebay.com/sch/i.html?_nkw=Genius%20Gourmet%20Crispy%20Protein%20Treat%20-%20Salted%20Caramel%20Low%20Carb%20Low%20Sugar%20Snacks%20(10%20Protein%20Bars),https://www.google.com/search?q=Genius%20Gourmet%20Crispy%20Protein%20Treat%20-%20Salted%20Caramel%20Low%20Carb%20Low%20Sugar%20Snacks%20(10%20Protein%20Bars),https://seller.walmart.com/catalog/add-items?search=1329215010,N/A,no,no,no,1,0,1,8,BariatricPal,mfn,$34.98,8,$34.98,$34.98,34.98,14.9,9.61,27.47 %,64.48 %,23.60,19.61,1,$24.99,300+ units sold this month on Amazon,$10.47,$4.95,0,$5.25,15.00%,$0.04,1,$0.24,$0.30 /lb,$0.24,$0.00,$0.00,$0.00,$0.00,0,$0.00,4.2,15,"The listing has 3 variations,Pulling package information from B0BHZT6T48 via amazon.com,3 or less sellers","8.58, 5.47, 1.89 in, 0.79 lbs",8.58,5.47,1.89,0.79,N/A,Computer
"06/09/2025, 04:04 AM PDT","06/09/2025, 07:04 AM EDT","06/09/2025, 06:04 AM CDT","06/09/2025, 04:04 AM PDT",Genius Gourmet Crispy Protein Treat - Vanilla Dream Low Carb Low Sugar Snacks (10 Protein Bars),1414133365,850027900544,Vanilla Dream,3,Genius Gourmet,Health & Personal Care,"Nutrition Bars, Gels & Chews",N/A,N/A,N/A,https://i5.walmartimages.com/seo/Genius-Gourmet-Crispy-Protein-Treat-Vanilla-Dream-Low-Carb-Low-Sugar-Snacks-10-Protein-Bars_d9387942-db88-4e6c-b4ba-e6fc18c9262f.f96dc7dc5b5d51695e2a87ea9ade1e31.jpeg,,N/A,https://www.walmart.com/ip/1414133365,14.9,https://www.amazon.com/dp/B0BHZWQSPC,https://www.amazon.com/s?k=Genius%20Gourmet%20Crispy%20Protein%20Treat%20-%20Vanilla%20Dream%20Low%20Carb%20Low%20Sugar%20Snacks%20(10%20Protein%20Bars),https://www.ebay.com/sch/i.html?_nkw=Genius%20Gourmet%20Crispy%20Protein%20Treat%20-%20Vanilla%20Dream%20Low%20Carb%20Low%20Sugar%20Snacks%20(10%20Protein%20Bars),https://www.google.com/search?q=Genius%20Gourmet%20Crispy%20Protein%20Treat%20-%20Vanilla%20Dream%20Low%20Carb%20Low%20Sugar%20Snacks%20(10%20Protein%20Bars),https://seller.walmart.com/catalog/add-items?search=1414133365,N/A,no,no,no,1,0,1,14,BariatricPal,mfn,$34.98,14,$34.98,$34.98,34.98,14.9,2.33,6.66 %,15.63 %,32.15,13.78,1,OOS,400+ units sold this month on Amazon,$17.75,$8.95,0,$5.25,15.00%,$0.05,1,$3.50,$0.30 /lb,$3.50,$0.00,$0.00,$0.00,$0.00,0,$0.00,4.2,15,"The listing has 3 variations,3 or less sellers","10.51, 5.55, 2.00 in, 11.68 lbs",10.51,5.55,2.00,11.68,N/A,Computer
"06/09/2025, 04:26 AM PDT","06/09/2025, 07:26 AM EDT","06/09/2025, 06:26 AM CDT","06/09/2025, 04:26 AM PDT","Ghirardelli Chocolate Premium Hot Cocoa Double Chocolate, 10.5 OZ",29236152,747599616990,6 Pack,5,Ghirardelli,Grocery,Chocolate Drink Mixes,N/A,61699,61699,https://i5.walmartimages.com/seo/Ghirardelli-Chocolate-Premium-Hot-Cocoa-Double-Chocolate-10-5-OZ_a066ff1e-f4ad-4173-803b-cb5c048174f0.7b3c45952d042fff64192f7d58f4de50.jpeg,,N/A,https://www.walmart.com/ip/29236152,4.78,https://www.amazon.com/dp/B074B9FM87,https://www.amazon.com/s?k=Ghirardelli%20Chocolate%20Premium%20Hot%20Cocoa%20Double%20Chocolate%2C%2010.5%20OZ,https://www.ebay.com/sch/i.html?_nkw=Ghirardelli%20Chocolate%20Premium%20Hot%20Cocoa%20Double%20Chocolate%2C%2010.5%20OZ,https://www.google.com/search?q=Ghirardelli%20Chocolate%20Premium%20Hot%20Cocoa%20Double%20Chocolate%2C%2010.5%20OZ,https://seller.walmart.com/catalog/add-items?search=29236152,Best seller,no,no,no,8,5,3,1359,Legionary Company,wfs,$10.49,23,$10.49,$14.96,10.49,4.78,1.16,11.03 %,24.21 %,0.00,4.75,1,OOS,N/A,$4.55,$3.45,0,$0.84,8.00%,$0.04,1,$0.22,$0.30 /lb,$0.22,$0.00,$0.00,$0.00,$0.00,0,$0.00,4.7,373,The listing has 5 variations,"2.00, 6.00, 8.00 in, 0.74 lbs",2.00,6.00,8.00,0.74,N/A,Computer
"06/09/2025, 04:27 AM PDT","06/09/2025, 07:27 AM EDT","06/09/2025, 06:27 AM CDT","06/09/2025, 04:27 AM PDT","Ghirardelli Chocolate Premium Hot Cocoa Chocolate Mocha, 10.5 oz",29236154,747599617010,Single,6,Ghirardelli,Grocery,Chocolate Drink Mixes,N/A,61701,61701,https://i5.walmartimages.com/seo/Ghirardelli-Chocolate-Premium-Hot-Cocoa-Chocolate-Mocha-10-5-oz_3f04ea25-eff8-4b69-8654-21a09ed581c3.f0e00b3f1f493e7fe378d016facdd5e2.jpeg,,N/A,https://www.walmart.com/ip/29236154,4.78,https://www.amazon.com/dp/B00KWL5STA,https://www.amazon.com/s?k=Ghirardelli%20Chocolate%20Premium%20Hot%20Cocoa%20Chocolate%20Mocha%2C%2010.5%20oz,https://www.ebay.com/sch/i.html?_nkw=Ghirardelli%20Chocolate%20Premium%20Hot%20Cocoa%20Chocolate%20Mocha%2C%2010.5%20oz,https://www.google.com/search?q=Ghirardelli%20Chocolate%20Premium%20Hot%20Cocoa%20Chocolate%20Mocha%2C%2010.5%20oz,https://seller.walmart.com/catalog/add-items?search=29236154,Best seller,no,no,no,7,6,1,108,OTCRx4U,wfs,$9.99,16,$9.99,$15.99,13,4.78,3.47,26.66 %,72.52 %,0.00,6.60,1,$15.98,50+ units sold this month on Amazon,$4.75,$3.45,0,$1.04,8.00%,$0.04,1,$0.22,$0.30 /lb,$0.22,$0.00,$0.00,$0.00,$0.00,0,$0.00,4.7,323,The listing has 6 variations,"2.00, 6.00, 8.00 in, 0.74 lbs",2.00,6.00,8.00,0.74,N/A,Computer
"06/09/2025, 04:30 AM PDT","06/09/2025, 07:30 AM EDT","06/09/2025, 06:30 AM CDT","06/09/2025, 04:30 AM PDT","GHIRARDELLI Intense Dark Chocolate Bar, Blood Orange, 3.5 Oz Bar",647876704,747599410086,N/A,N/A,Ghirardelli,Grocery,Chocolate Candy,N/A,N/A,N/A,https://i5.walmartimages.com/seo/GHIRARDELLI-Intense-Dark-Chocolate-Bar-Blood-Orange-3-5-Oz-Bar_9710f923-8412-4fd6-9fe6-bc30941f34b7.74924aace452d2e8f05c3ac972df035f.jpeg,,N/A,https://www.walmart.com/ip/647876704,3.82,https://www.amazon.com/dp/B07LGC2RYR,https://www.amazon.com/s?k=GHIRARDELLI%20Intense%20Dark%20Chocolate%20Bar%2C%20Blood%20Orange%2C%203.5%20Oz%20Bar,https://www.ebay.com/sch/i.html?_nkw=GHIRARDELLI%20Intense%20Dark%20Chocolate%20Bar%2C%20Blood%20Orange%2C%203.5%20Oz%20Bar,https://www.google.com/search?q=GHIRARDELLI%20Intense%20Dark%20Chocolate%20Bar%2C%20Blood%20Orange%2C%203.5%20Oz%20Bar,https://seller.walmart.com/catalog/add-items?search=647876704,N/A,yes,no,no,1,1,0,9,Cinco Estrellitas,wfs,$10.25,9,$10.25,$10.25,10.25,3.82,2.08,20.30 %,54.47 %,9.00,4.72,1,OOS,N/A,$4.35,$3.45,0,$0.82,8.00%,$0.00,1,$0.07,$0.30 /lb,$0.07,$0.00,$0.00,$0.00,$0.00,0,$0.00,4.7,38,"Pulling package information from B07LGC2RYR via amazon.com,3 or less sellers","7.28, 3.54, 0.39 in, 0.25 lbs",7.28,3.54,0.39,0.25,N/A,Computer
"06/09/2025, 04:33 AM PDT","06/09/2025, 07:33 AM EDT","06/09/2025, 06:33 AM CDT","06/09/2025, 04:33 AM PDT","GHIRARDELLI Intense Dark Chocolate Bar, 86% Cacao, 3.17 oz Bar",15056235,747599607257,N/A,N/A,Ghirardelli,Grocery,Candy Bars & Miniatures,N/A,N/A,MCLANE500642694,https://i5.walmartimages.com/seo/GHIRARDELLI-Intense-Dark-Chocolate-Bar-86-Cacao-3-17-oz-Bar_1824e5bb-c614-4bb1-b399-24d33a00495a.0ce18a837c9fb43395941af0b62359ed.jpeg,,N/A,https://www.walmart.com/ip/15056235,3.82,https://www.amazon.com/dp/B00KVQKZ2G,https://www.amazon.com/s?k=GHIRARDELLI%20Intense%20Dark%20Chocolate%20Bar%2C%2086%25%20Cacao%2C%203.17%20oz%20Bar,https://www.ebay.com/sch/i.html?_nkw=GHIRARDELLI%20Intense%20Dark%20Chocolate%20Bar%2C%2086%25%20Cacao%2C%203.17%20oz%20Bar,https://www.google.com/search?q=GHIRARDELLI%20Intense%20Dark%20Chocolate%20Bar%2C%2086%25%20Cacao%2C%203.17%20oz%20Bar,https://seller.walmart.com/catalog/add-items?search=15056235,N/A,no,no,no,2,0,2,8,Black Bird,mfn,$12.83,6,$12.83,$12.88,12.83,3.82,4.47,34.84 %,117.02 %,8.95,6.63,1,OOS,N/A,$4.54,$3.45,0,$1.03,8.00%,$0.00,1,$0.06,$0.30 /lb,$0.06,$0.00,$0.00,$0.00,$0.00,0,$0.00,4.2,184,3 or less sellers,"0.30, 3.60, 7.38 in, 0.20 lbs",0.30,3.60,7.38,0.20,N/A,Computer
"06/09/2025, 04:35 AM PDT","06/09/2025, 07:35 AM EDT","06/09/2025, 06:35 AM CDT","06/09/2025, 04:35 AM PDT","Ghirardelli Moonlight Mystique Intense Dark Chocolate, 3.17 Oz.",598668628,747599404337,Chocolate (92% Cacao),2,Ghirardelli,Grocery,Candy Bars & Miniatures,N/A,N/A,N/A,https://i5.walmartimages.com/seo/Ghirardelli-Intense-Dark-92-Cacao-Moonlight-Mystique-3-17-Ounce-Dark-Chocolate_d3f587db-3794-4111-971f-e3488610bb34.bbb5d139624efb32063a2e369539db16.png,,N/A,https://www.walmart.com/ip/598668628,3.82,https://www.amazon.com/dp/B07FTYJPNP,https://www.amazon.com/s?k=Ghirardelli%20Moonlight%20Mystique%20Intense%20Dark%20Chocolate%2C%203.17%20Oz.,https://www.ebay.com/sch/i.html?_nkw=Ghirardelli%20Moonlight%20Mystique%20Intense%20Dark%20Chocolate%2C%203.17%20Oz.,https://www.google.com/search?q=Ghirardelli%20Moonlight%20Mystique%20Intense%20Dark%20Chocolate%2C%203.17%20Oz.,https://seller.walmart.com/catalog/add-items?search=598668628,Best seller,no,yes,no,1,1,0,3,Cinco Estrellitas,wfs,$11.25,3,$11.25,$11.25,11.25,3.82,3.01,26.73 %,78.73 %,9.00,5.46,1,$10.66,50+ units sold this month on Amazon,$4.42,$3.45,0,$0.90,8.00%,$0.00,1,$0.07,$0.30 /lb,$0.07,$0.00,$0.00,$0.00,$0.00,0,$0.00,4.6,422,"The listing has 2 variations,3 or less sellers","3.60, 0.30, 7.38 in, 0.23 lbs",3.60,0.30,7.38,0.23,N/A,Computer
"06/09/2025, 11:37 PM PDT","06/10/2025, 02:37 AM EDT","06/10/2025, 01:37 AM CDT","06/09/2025, 11:37 PM PDT","Ghirardelli Peppermint Hot Cocoa Mix , 1.5 oz Packet",19400329,747599701573,"Peppermint, Single",2,Ghirardelli,Grocery,Chocolate Drink Mixes,N/A,N/A,61766,https://i5.walmartimages.com/seo/Ghirardelli-Peppermint-Hot-Cocoa-Mix-1-5-oz-Packet_de0b95d7-0c11-40db-9ed5-af37913d2954.5e6c3a69c0b2382ad2cab69753446d11.jpeg,,N/A,https://www.walmart.com/ip/19400329,1.88,https://www.amazon.com/dp/B00APAA7B2,https://www.amazon.com/s?k=Ghirardelli%20Peppermint%20Hot%20Cocoa%20Mix%20%2C%201.5%20oz%20Packet,https://www.ebay.com/sch/i.html?_nkw=Ghirardelli%20Peppermint%20Hot%20Cocoa%20Mix%20%2C%201.5%20oz%20Packet,https://www.google.com/search?q=Ghirardelli%20Peppermint%20Hot%20Cocoa%20Mix%20%2C%201.5%20oz%20Packet,https://seller.walmart.com/catalog/add-items?search=19400329,N/A,no,no,no,2,1,1,7,BROADWAY,wfs,$7.97,1,$7.39,$7.97,7.97,1.88,0.97,12.21 %,51.76 %,6.85,2.28,1,OOS,N/A,$5.12,$3.45,0,$0.64,8.00%,$0.00,1,$1.03,$0.30 /lb,$0.03,$0.00,$0.00,$0.00,$0.00,0,$0.00,4.1,273,"The listing has 2 variations,3 or less sellers","0.25, 3.50, 6.25 in, 0.09 lbs",0.25,3.50,6.25,0.09,N/A,Computer
"06/09/2025, 11:49 PM PDT","06/10/2025, 02:49 AM EDT","06/10/2025, 01:49 AM CDT","06/09/2025, 11:49 PM PDT","GHIRARDELLI Intense Dark Chocolate Squares, 86% Cacao, 4.12 oz Bag",15056227,747599308949,N/A,N/A,Ghirardelli,Grocery,Chocolate Candy,N/A,N/A,MCLANE500548040,https://i5.walmartimages.com/seo/GHIRARDELLI-Intense-Dark-Chocolate-Squares-86-Cacao-4-12-oz-Bag_75fbfa70-21b5-4c8b-9002-f5323e48f1fb.e21b8140b9d399c931cf86c095d50074.jpeg,,N/A,https://www.walmart.com/ip/15056227,6.64,https://www.amazon.com/dp/B00CNVIP0Q,https://www.amazon.com/s?k=GHIRARDELLI%20Intense%20Dark%20Chocolate%20Squares%2C%2086%25%20Cacao%2C%204.12%20oz%20Bag,https://www.ebay.com/sch/i.html?_nkw=GHIRARDELLI%20Intense%20Dark%20Chocolate%20Squares%2C%2086%25%20Cacao%2C%204.12%20oz%20Bag,https://www.google.com/search?q=GHIRARDELLI%20Intense%20Dark%20Chocolate%20Squares%2C%2086%25%20Cacao%2C%204.12%20oz%20Bag,https://seller.walmart.com/catalog/add-items?search=15056227,N/A,no,no,no,1,0,1,4,Lawphem LLC,mfn,$18.99,4,$18.99,$18.99,18.99,6.64,5.93,31.23 %,89.31 %,11.00,10.06,1,OOS,N/A,$6.42,$3.45,0,$2.85,15.00%,$0.03,1,$0.10,$0.30 /lb,$0.10,$0.00,$0.00,$0.00,$0.00,0,$0.00,4.4,237,"For better accuracy, we’ve used dimensions from B06WJ5765W to provide more precise estimates,3 or less sellers","7.01, 4.13, 2.01 in, 0.32 lbs",7.01,4.13,2.01,0.32,N/A,Computer
"06/09/2025, 11:54 PM PDT","06/10/2025, 02:54 AM EDT","06/10/2025, 01:54 AM CDT","06/09/2025, 11:54 PM PDT","GHIRARDELLI Intense Dark Chocolate Squares, 92% Cacao, 4.1 Oz Bag",934060203,747599408113,"Chocolate, 4.1 oz",3,Ghirardelli,Grocery,Chocolate Candy,N/A,N/A,N/A,https://i5.walmartimages.com/seo/GHIRARDELLI-Intense-Dark-Chocolate-Squares-92-Cacao-4-1-Oz-Bag_929efe4e-1967-44c7-b724-3b998b3dedae.1f81e66ac4bb53f9ea3a96dbc02b1794.jpeg,,N/A,https://www.walmart.com/ip/934060203,6.64,https://www.amazon.com/dp/B07NQLJMVN,https://www.amazon.com/s?k=GHIRARDELLI%20Intense%20Dark%20Chocolate%20Squares%2C%2092%25%20Cacao%2C%204.1%20Oz%20Bag,https://www.ebay.com/sch/i.html?_nkw=GHIRARDELLI%20Intense%20Dark%20Chocolate%20Squares%2C%2092%25%20Cacao%2C%204.1%20Oz%20Bag,https://www.google.com/search?q=GHIRARDELLI%20Intense%20Dark%20Chocolate%20Squares%2C%2092%25%20Cacao%2C%204.1%20Oz%20Bag,https://seller.walmart.com/catalog/add-items?search=934060203,N/A,yes,no,no,1,1,0,3,Zephy,wfs,$13.50,3,$13.50,$13.50,13.5,6.64,2.22,16.41 %,33.37 %,11.00,7.08,1,OOS,800+ units sold this month on Amazon,$4.64,$3.45,0,$1.08,8.00%,$0.02,1,$0.09,$0.30 /lb,$0.09,$0.00,$0.00,$0.00,$0.00,0,$0.00,4.6,473,"The listing has 3 variations,Pulling package information from B07NQLJMVN via amazon.com,3 or less sellers","7.20, 3.94, 1.97 in, 0.30 lbs",7.20,3.94,1.97,0.30,N/A,Computer
"06/10/2025, 12:23 AM PDT","06/10/2025, 03:23 AM EDT","06/10/2025, 02:23 AM CDT","06/10/2025, 12:23 AM PDT","Gimme Organic Roasted Teriyaki, .35 Oz, Pack Of 12",36289901,851093004099,N/A,N/A,Gimme Seaweed,Grocery,Snack Chips,"Gimme Health Foods, Inc.",N/A,GIM00409,https://i5.walmartimages.com/seo/Gimme-Organic-Roasted-Teriyaki-35-Oz-Pack-Of-12_beae737a-b21d-47b5-9bb2-c6029341d71b_1.337adbdbf569c088cad1b746fadebf39.jpeg,,N/A,https://www.walmart.com/ip/36289901,20.04,https://www.amazon.com/dp/B00U0CJ3CY,https://www.amazon.com/s?k=Gimme%20Organic%20Roasted%20Teriyaki%2C%20.35%20Oz%2C%20Pack%20Of%2012,https://www.ebay.com/sch/i.html?_nkw=Gimme%20Organic%20Roasted%20Teriyaki%2C%20.35%20Oz%2C%20Pack%20Of%2012,https://www.google.com/search?q=Gimme%20Organic%20Roasted%20Teriyaki%2C%20.35%20Oz%2C%20Pack%20Of%2012,https://seller.walmart.com/catalog/add-items?search=36289901,N/A,no,no,no,2,0,2,960,Online Grocery Outlet,mfn,$28.91,953,$28.91,$56.33,28.91,20.04,1.04,3.60 %,5.19 %,27.60,16.86,1,$2.19,900+ units sold this month on Amazon,$7.83,$3.45,0,$4.34,15.00%,$0.03,1,$0.01,$0.30 /lb,$0.01,$0.00,$0.00,$0.00,$0.00,0,$0.00,4.3,41,"Pulling package information from B00U0CJ3CY via amazon.com,3 or less sellers","7.01, 3.66, 2.56 in, 0.05 lbs",7.01,3.66,2.56,0.05,N/A,Computer
"06/10/2025, 12:24 AM PDT","06/10/2025, 03:24 AM EDT","06/10/2025, 02:24 AM CDT","06/10/2025, 12:24 AM PDT",Gimme Seaweed Premium Organic Seaweed Snacks - Teriyaki - .17 Oz (Pack of 6),485292784,851093004181,Teriyaki,6,Gimme Seaweed,Grocery,Seaweed & Sea Vegetables,N/A,N/A,851093004181,https://i5.walmartimages.com/seo/GIMME-Organic-Roasted-Teriyaki-Seaweed-Snacks-1-05OZ-Pack-of-8_2a4ef596-f5fc-40e0-b277-ea70f3b1bde1.96e8d33658ce56bfc94e1553807c8d35.jpeg,,N/A,https://www.walmart.com/ip/485292784,4.65,https://www.amazon.com/dp/B06Y4XX14X,https://www.amazon.com/s?k=Gimme%20Seaweed%20Premium%20Organic%20Seaweed%20Snacks%20-%20Teriyaki%20-%20.17%20Oz%20(Pack%20of%206),https://www.ebay.com/sch/i.html?_nkw=Gimme%20Seaweed%20Premium%20Organic%20Seaweed%20Snacks%20-%20Teriyaki%20-%20.17%20Oz%20(Pack%20of%206),https://www.google.com/search?q=Gimme%20Seaweed%20Premium%20Organic%20Seaweed%20Snacks%20-%20Teriyaki%20-%20.17%20Oz%20(Pack%20of%206),https://seller.walmart.com/catalog/add-items?search=485292784,N/A,no,no,no,2,0,2,74,ZonMart,mfn,$12.04,37,$12.04,$13.97,12.04,4.65,2.8,23.23 %,60.16 %,0.00,5.96,1,$6.99,5k+ units sold this month on Amazon,$4.59,$3.45,0,$0.96,8.00%,$0.12,1,$0.06,$0.30 /lb,$0.06,$0.00,$0.00,$0.00,$0.00,0,$0.00,4.3,298,"The listing has 6 variations,Pulling package information from B06Y4XX14X via amazon.com,3 or less sellers","10.51, 6.85, 3.82 in, 0.20 lbs",10.51,6.85,3.82,0.20,N/A,Computer
"06/10/2025, 12:33 AM PDT","06/10/2025, 03:33 AM EDT","06/10/2025, 02:33 AM CDT","06/10/2025, 12:33 AM PDT","The Ginger People Gin Gins Double Strength Hard Ginger Candy, 3 Oz",26957254,734027905054,N/A,N/A,The Ginger People,Grocery,Hard Candy,N/A,N/A,734027905054,https://i5.walmartimages.com/seo/The-Ginger-People-Gin-Gins-Double-Strength-Hard-Ginger-Candy-3-Oz_a84c7062-22eb-4eee-a3ec-9e4706a0dd6e.e7fed37b926aadf6ec96d22573e0efd7.jpeg,,N/A,https://www.walmart.com/ip/26957254,2.83,https://www.amazon.com/dp/B0D186HFT4,https://www.amazon.com/s?k=The%20Ginger%20People%20Gin%20Gins%20Double%20Strength%20Hard%20Ginger%20Candy%2C%203%20Oz,https://www.ebay.com/sch/i.html?_nkw=The%20Ginger%20People%20Gin%20Gins%20Double%20Strength%20Hard%20Ginger%20Candy%2C%203%20Oz,https://www.google.com/search?q=The%20Ginger%20People%20Gin%20Gins%20Double%20Strength%20Hard%20Ginger%20Candy%2C%203%20Oz,https://seller.walmart.com/catalog/add-items?search=26957254,N/A,no,yes,no,1,0,1,3,Shop Jada's,mfn,$8.95,3,$8.95,$8.95,8.95,2.83,0.8,8.98 %,28.40 %,8.00,2.91,1,$3.49,1k+ units sold this month on Amazon,$5.32,$3.45,0,$0.72,8.00%,$0.02,1,$1.13,$0.30 /lb,$0.13,$0.00,$0.00,$0.00,$0.00,0,$0.00,4.7,55,"Pulling package information from B0D186HFT4 via amazon.com,User edited dimensions/weight,3 or less sellers","6.69, 4.57, 1.38 in, 0.44 lbs",6.69,4.57,1.38,0.44,N/A,Computer
"06/10/2025, 12:38 AM PDT","06/10/2025, 03:38 AM EDT","06/10/2025, 02:38 AM CDT","06/10/2025, 12:38 AM PDT","The Ginger People Organic Ginger Grated, 6.7 Oz",34795207,734027904026,N/A,N/A,The Ginger People,Grocery,Single Herbs & Spices,N/A,N/A,734027904026,https://i5.walmartimages.com/seo/The-Ginger-People-Organic-Ginger-Grated-6-7-Oz_07b935c9-6473-40ff-993e-610f2932c33e.198b3f26ec6223b88c134defeb6dccd2.jpeg,,N/A,https://www.walmart.com/ip/34795207,4.84,https://www.amazon.com/dp/B004T3C55W,https://www.amazon.com/s?k=The%20Ginger%20People%20Organic%20Ginger%20Grated%2C%206.7%20Oz,https://www.ebay.com/sch/i.html?_nkw=The%20Ginger%20People%20Organic%20Ginger%20Grated%2C%206.7%20Oz,https://www.google.com/search?q=The%20Ginger%20People%20Organic%20Ginger%20Grated%2C%206.7%20Oz,https://seller.walmart.com/catalog/add-items?search=34795207,N/A,no,no,no,3,2,1,41,Gourmet on the way LLC,wfs,$14.98,16,$14.98,$15.50,14.98,4.84,3.67,24.49 %,75.78 %,10.90,6.81,1,$9.99,900+ units sold this month on Amazon,$6.47,$4.95,0,$1.20,8.00%,$0.04,1,$0.28,$0.30 /lb,$0.28,$0.00,$0.00,$0.00,$0.00,0,$0.00,3.9,7,"Pulling package information from B004T3C55W via amazon.com,3 or less sellers","8.15, 3.39, 3.23 in, 0.95 lbs",8.15,3.39,3.23,0.95,N/A,Computer
"06/10/2025, 12:44 AM PDT","06/10/2025, 03:44 AM EDT","06/10/2025, 02:44 AM CDT","06/10/2025, 12:44 AM PDT","The Ginger People Organic Minced, 6.7 Oz",38543918,734027904019,N/A,N/A,The Ginger People,Grocery,Single Herbs & Spices,N/A,N/A,0207985,https://i5.walmartimages.com/seo/The-Ginger-People-Organic-Minced-6-7-Oz_7dd8ce93-fc8c-4ad7-b83d-d2159c0a558f.8d52c0ff01370215ba791201d645aa25.png,,N/A,https://www.walmart.com/ip/38543918,4.92,https://www.amazon.com/dp/B00IV6ZM58,https://www.amazon.com/s?k=The%20Ginger%20People%20Organic%20Minced%2C%206.7%20Oz,https://www.ebay.com/sch/i.html?_nkw=The%20Ginger%20People%20Organic%20Minced%2C%206.7%20Oz,https://www.google.com/search?q=The%20Ginger%20People%20Organic%20Minced%2C%206.7%20Oz,https://seller.walmart.com/catalog/add-items?search=38543918,Best seller,no,no,no,5,5,0,276,Daphns Wall,wfs,$10.00,50,$10.00,$10.99,10,4.92,0.57,5.73 %,11.64 %,0.00,4.39,1,$7.65,6k+ units sold this month on Amazon,$4.51,$3.45,0,$0.80,8.00%,$0.03,1,$0.22,$0.30 /lb,$0.22,$0.00,$0.00,$0.00,$0.00,0,$0.00,4.4,78,Pulling package information from B00IV6ZM58 via amazon.com,"7.05, 3.35, 3.15 in, 0.75 lbs",7.05,3.35,3.15,0.75,N/A,Computer
"06/10/2025, 01:06 AM PDT","06/10/2025, 04:06 AM EDT","06/10/2025, 03:06 AM CDT","06/10/2025, 01:06 AM PDT","Godiva Goldmark Gift Chocolates Assortment Cardboard Box, 3.8 oz., 9 Count Snack Bites",921432988,31290148981,Single,2,GODIVA,Grocery,Chocolate & Candy Assortments,N/A,N/A,N/A,https://i5.walmartimages.com/seo/Godiva-Goldmark-Gift-Chocolates-Assortment-Cardboard-Box-3-8-oz-9-Count-Snack-Bites_3ef6ed1b-674b-44fc-9224-adb4170c6fad.374bbf74f2342b92cfa064a07f92f667.jpeg,,N/A,https://www.walmart.com/ip/921432988,8.36,https://www.amazon.com/dp/B0BYQ8YG4Z,https://www.amazon.com/s?k=Godiva%20Goldmark%20Gift%20Chocolates%20Assortment%20Cardboard%20Box%2C%203.8%20oz.%2C%209%20Count%20Snack%20Bites,https://www.ebay.com/sch/i.html?_nkw=Godiva%20Goldmark%20Gift%20Chocolates%20Assortment%20Cardboard%20Box%2C%203.8%20oz.%2C%209%20Count%20Snack%20Bites,https://www.google.com/search?q=Godiva%20Goldmark%20Gift%20Chocolates%20Assortment%20Cardboard%20Box%2C%203.8%20oz.%2C%209%20Count%20Snack%20Bites,https://seller.walmart.com/catalog/add-items?search=921432988,N/A,yes,yes,no,2,0,2,4,3DoodsWholesale,mfn,$18.79,1,$18.79,$18.90,18.79,8.36,4.01,21.34 %,47.97 %,12.90,9.90,1,$7.99,N/A,$6.42,$3.45,0,$2.82,15.00%,$0.03,1,$0.12,$0.30 /lb,$0.12,$0.00,$0.00,$0.00,$0.00,0,$0.00,2.6,7,"The listing has 2 variations,Pulling package information from B0BYQ8YG4Z via amazon.com,3 or less sellers","6.85, 6.73, 1.54 in, 0.40 lbs",6.85,6.73,1.54,0.40,N/A,Computer
"06/10/2025, 04:52 AM PDT","06/10/2025, 07:52 AM EDT","06/10/2025, 06:52 AM CDT","06/10/2025, 04:52 AM PDT",Good Health Avocado Oil Sea Salt Kettle Style Potato Chips 5 oz,30987377,755355008309,N/A,N/A,Good Health,Grocery,Snack Chips,UTZ QUALITY FOOD,N/A,0403568,https://i5.walmartimages.com/seo/Good-Health-Avocado-Oil-Sea-Salt-Kettle-Style-Potato-Chips-5-oz_eadea5d6-285a-4e04-86b4-f866df432564.4b2f28f8169add207c94793109728af9.jpeg,,N/A,https://www.walmart.com/ip/30987377,2.99,https://www.amazon.com/dp/B003ZW7V5M,https://www.amazon.com/s?k=Good%20Health%20Avocado%20Oil%20Sea%20Salt%20Kettle%20Style%20Potato%20Chips%205%20oz,https://www.ebay.com/sch/i.html?_nkw=Good%20Health%20Avocado%20Oil%20Sea%20Salt%20Kettle%20Style%20Potato%20Chips%205%20oz,https://www.google.com/search?q=Good%20Health%20Avocado%20Oil%20Sea%20Salt%20Kettle%20Style%20Potato%20Chips%205%20oz,https://seller.walmart.com/catalog/add-items?search=30987377,N/A,no,no,no,3,0,3,20,SANTARA,mfn,$10.98,10,$10.98,$12.99,10.98,2.99,3.46,31.51 %,115.72 %,8.20,5.16,1,$8.42,1k+ units sold this month on Amazon,$4.53,$3.45,0,$0.88,8.00%,$0.10,1,$0.10,$0.30 /lb,$0.10,$0.00,$0.00,$0.00,$0.00,0,$0.00,3,2,"Pulling package information from B003ZW7V5M via amazon.com,3 or less sellers","10.98, 7.60, 2.83 in, 0.33 lbs",10.98,7.60,2.83,0.33,N/A,Computer
"06/10/2025, 11:33 PM PDT","06/11/2025, 02:33 AM EDT","06/11/2025, 01:33 AM CDT","06/10/2025, 11:33 PM PDT","Gratify Gluten Free Bamba Peanut Butter Puffs Family Pack, 0.7 oz, 10 count",858267765,819021010185,Single,2,Gratify,Grocery,Puffed Snacks,N/A,N/A,N/A,https://i5.walmartimages.com/seo/Gratify-Gluten-Free-Bamba-Peanut-Butter-Puffs-Family-Pack-0-7-oz-10-count_46a7e351-27c7-4ddb-94ff-b584a194d7c2.faab2c4746ef52d0f67f9dc74a8c62d7.png,,N/A,https://www.walmart.com/ip/858267765,5.39,https://www.amazon.com/dp/B0DMT1ZTV9,https://www.amazon.com/s?k=Gratify%20Gluten%20Free%20Bamba%20Peanut%20Butter%20Puffs%20Family%20Pack%2C%200.7%20oz%2C%2010%20count,https://www.ebay.com/sch/i.html?_nkw=Gratify%20Gluten%20Free%20Bamba%20Peanut%20Butter%20Puffs%20Family%20Pack%2C%200.7%20oz%2C%2010%20count,https://www.google.com/search?q=Gratify%20Gluten%20Free%20Bamba%20Peanut%20Butter%20Puffs%20Family%20Pack%2C%200.7%20oz%2C%2010%20count,https://seller.walmart.com/catalog/add-items?search=858267765,Popular pick,no,no,yes,2,0,1,429,Walmart.com,wmt,$11.23,428,$11.23,$27.97,11.23,5.39,0.91,8.14 %,16.95 %,10.15,5.04,1,OOS,N/A,$4.93,$3.45,0,$0.90,8.00%,$0.41,1,$0.17,$0.30 /lb,$0.17,$0.00,$0.00,$0.00,$0.00,0,$0.00,4.6,37,"The listing has 2 variations,Walmart.com is on the listing,Pulling package information from B0DMT1ZTV9 via amazon.com,3 or less sellers","14.84, 12.52, 5.12 in, 0.55 lbs",14.84,12.52,5.12,0.55,N/A,Computer
"06/10/2025, 11:34 PM PDT","06/11/2025, 02:34 AM EDT","06/11/2025, 01:34 AM CDT","06/10/2025, 11:34 PM PDT","Gratify Gluten Free Everything Pretzel Thins, 10.5 Oz.",49137389,819021011205,Single,4,Gratify,Grocery,Pretzels,N/A,N/A,N/A,https://i5.walmartimages.com/seo/Gratify-Gluten-Free-Everything-Pretzel-Thins-10-5-Oz_807749a9-9e22-4e92-b0c9-b53a188e7840.0a1dee5147890b81313cef8fb1042bd3.jpeg,,N/A,https://www.walmart.com/ip/49137389,3.84,https://www.amazon.com/dp/B0788C6XHV,https://www.amazon.com/s?k=Gratify%20Gluten%20Free%20Everything%20Pretzel%20Thins%2C%2010.5%20Oz.,https://www.ebay.com/sch/i.html?_nkw=Gratify%20Gluten%20Free%20Everything%20Pretzel%20Thins%2C%2010.5%20Oz.,https://www.google.com/search?q=Gratify%20Gluten%20Free%20Everything%20Pretzel%20Thins%2C%2010.5%20Oz.,https://seller.walmart.com/catalog/add-items?search=49137389,N/A,no,no,no,2,1,1,10020,SMS Deals LLC,wfs,$12.24,23,$12.24,$12.24,12.24,3.84,3.66,29.92 %,95.38 %,9.25,6.00,1,$11.99,100+ units sold this month on Amazon,$4.74,$3.45,0,$0.98,8.00%,$0.10,1,$0.20,$0.30 /lb,$0.20,$0.00,$0.00,$0.00,$0.00,0,$0.00,4,83,"The listing has 4 variations,Pulling package information from B0788C6XHV via amazon.com,3 or less sellers","11.22, 7.87, 2.72 in, 0.68 lbs",11.22,7.87,2.72,0.68,N/A,Computer
"06/10/2025, 11:39 PM PDT","06/11/2025, 02:39 AM EDT","06/11/2025, 01:39 AM CDT","06/10/2025, 11:39 PM PDT",Graza 1L Sizzle Extra Virgin Olive Oil for Cooking,13382573196,860009082823,N/A,N/A,Graza,Grocery,Cooking Oils,N/A,N/A,N/A,https://i5.walmartimages.com/seo/Graza-Super-Sizzle-Extra-Virgin-Olive-Oil_d6895c89-51e0-4efd-9363-be6a1fc64bbd.ec25870a8b2a92bb4861e8c16f403677.jpeg,,N/A,https://www.walmart.com/ip/13382573196,14.99,https://www.amazon.com/dp/B0DFKV19Y4,https://www.amazon.com/s?k=Graza%201L%20Sizzle%20Extra%20Virgin%20Olive%20Oil%20for%20Cooking,https://www.ebay.com/sch/i.html?_nkw=Graza%201L%20Sizzle%20Extra%20Virgin%20Olive%20Oil%20for%20Cooking,https://www.google.com/search?q=Graza%201L%20Sizzle%20Extra%20Virgin%20Olive%20Oil%20for%20Cooking,https://seller.walmart.com/catalog/add-items?search=13382573196,N/A,no,no,no,5,0,5,610,Warmfortune,mfn,$25.59,10,$24.99,$28.95,25.59,14.99,0.56,2.19 %,3.74 %,24.85,12.44,1,$19.99,600+ units sold this month on Amazon,$10.04,$5.45,0,$3.84,15.00%,$0.11,1,$0.64,$0.30 /lb,$0.64,$0.00,$0.00,$0.00,$0.00,0,$0.00,1,1,Pulling package information from B0DFKV19Y4 via amazon.com,"11.42, 6.38, 3.43 in, 2.14 lbs",11.42,6.38,3.43,2.14,N/A,Computer
"06/10/2025, 11:42 PM PDT","06/11/2025, 02:42 AM EDT","06/11/2025, 01:42 AM CDT","06/10/2025, 11:42 PM PDT","Green Mountain Gringo Salsa, Hot, 16 Oz.",10535229,53852002005,Single,2,Green Mountain Gringo,Grocery,Salsas,N/A,N/A,0053852002005,https://i5.walmartimages.com/seo/Green-Mountain-Gringo-Salsa-Hot-16-Oz_ba42e949-6907-4139-bc7b-ebd4d404f94d.7e6df85b795780b869d96d9f29d1fc91.jpeg,,N/A,https://www.walmart.com/ip/10535229,4.13,https://www.amazon.com/dp/B005GX811G,https://www.amazon.com/s?k=Green%20Mountain%20Gringo%20Salsa%2C%20Hot%2C%2016%20Oz.,https://www.ebay.com/sch/i.html?_nkw=Green%20Mountain%20Gringo%20Salsa%2C%20Hot%2C%2016%20Oz.,https://www.google.com/search?q=Green%20Mountain%20Gringo%20Salsa%2C%20Hot%2C%2016%20Oz.,https://seller.walmart.com/catalog/add-items?search=10535229,N/A,no,no,no,4,0,4,57,kapoth Mart,mfn,$12.15,20,$12.15,$16.95,12.15,4.13,1.59,13.07 %,38.46 %,10.35,4.57,1,OOS,N/A,$6.43,$4.95,0,$0.97,8.00%,$0.03,1,$0.48,$0.30 /lb,$0.48,$0.00,$0.00,$0.00,$0.00,0,$0.00,4.3,16,"The listing has 2 variations,For better accuracy, we’ve used dimensions from B0005ZJ45W to provide more precise estimates","6.30, 3.58, 3.35 in, 1.59 lbs",6.30,3.58,3.35,1.59,N/A,Computer
"06/10/2025, 11:44 PM PDT","06/11/2025, 02:44 AM EDT","06/11/2025, 01:44 AM CDT","06/10/2025, 11:44 PM PDT","Green Mountain Gringo Salsa, Medium, 16 Oz.",26832127,53852004009,Single,2,Green Mountain Gringo,Grocery,Salsas,N/A,N/A,124099,https://i5.walmartimages.com/seo/Green-Mountain-Gringo-Salsa-Medium-16-Oz_03eee553-41ae-43d8-aa4e-097508bcea1d.558111356f3b853c3f3da0bb6661cdd8.jpeg,,N/A,https://www.walmart.com/ip/26832127,4.13,https://www.amazon.com/dp/B005GTVJAA,https://www.amazon.com/s?k=Green%20Mountain%20Gringo%20Salsa%2C%20Medium%2C%2016%20Oz.,https://www.ebay.com/sch/i.html?_nkw=Green%20Mountain%20Gringo%20Salsa%2C%20Medium%2C%2016%20Oz.,https://www.google.com/search?q=Green%20Mountain%20Gringo%20Salsa%2C%20Medium%2C%2016%20Oz.,https://seller.walmart.com/catalog/add-items?search=26832127,N/A,no,no,no,2,0,2,90,Vitozon,mfn,$14.48,80,$14.48,$14.98,13.36,4.13,2.7,20.22 %,65.42 %,10.35,5.47,1,OOS,N/A,$6.53,$4.95,0,$1.07,8.00%,$0.03,1,$0.48,$0.30 /lb,$0.48,$0.00,$0.00,$0.00,$0.00,0,$0.00,4.7,18,"The listing has 2 variations,For better accuracy, we’ve used dimensions from B000VHI1GW to provide more precise estimates,3 or less sellers","5.91, 3.39, 3.39 in, 1.60 lbs",5.91,3.39,3.39,1.60,N/A,Computer
"06/10/2025, 11:46 PM PDT","06/11/2025, 02:46 AM EDT","06/11/2025, 01:46 AM CDT","06/10/2025, 11:46 PM PDT","Green Mountain Gringo Salsa, Mild, 16oz",15716633,53852001008,Single,2,Green Mountain Gringo,Grocery,Salsas,N/A,N/A,0005385200100,https://i5.walmartimages.com/seo/Green-Mountain-Gringo-Salsa-Mild-16oz_fe8532b4-df0c-49aa-a596-e41402877ec5.7606671e01ea8297eed70dc60cec9d35.jpeg,,N/A,https://www.walmart.com/ip/15716633,4.13,https://www.amazon.com/dp/B005GXGT5Q,https://www.amazon.com/s?k=Green%20Mountain%20Gringo%20Salsa%2C%20Mild%2C%2016oz,https://www.ebay.com/sch/i.html?_nkw=Green%20Mountain%20Gringo%20Salsa%2C%20Mild%2C%2016oz,https://www.google.com/search?q=Green%20Mountain%20Gringo%20Salsa%2C%20Mild%2C%2016oz,https://seller.walmart.com/catalog/add-items?search=15716633,N/A,no,no,no,6,0,6,55,Roger Xie,mfn,$12.97,9,$12.97,$16.95,12.97,4.13,2.32,17.88 %,56.14 %,10.35,5.16,1,OOS,N/A,$6.52,$4.95,0,$1.04,8.00%,$0.04,1,$0.49,$0.30 /lb,$0.49,$0.00,$0.00,$0.00,$0.00,0,$0.00,3.9,27,"The listing has 2 variations,For better accuracy, we’ve used dimensions from B00KOBIYPI to provide more precise estimates","6.69, 3.82, 3.50 in, 1.65 lbs",6.69,3.82,3.50,1.65,N/A,Computer
"06/11/2025, 01:19 AM PDT","06/11/2025, 04:19 AM EDT","06/11/2025, 03:19 AM CDT","06/11/2025, 01:19 AM PDT","HARIBO Goldbears Original Gummies Assorted Fruit Flavor Gummy Candy,5oz, Share Size Bag",10450879,42238302211,N/A,N/A,HARIBO,Grocery,Gummy Candy,N/A,N/A,042238302211,https://i5.walmartimages.com/seo/Haribo-Gummi-Candy-Gummi-Bears-Original-Assortment-5oz-Bag_fe875b3d-d5e9-40c9-a50b-824d7a406eb5.3b1953e5ab507bbb248834f83761c235.jpeg,,N/A,https://www.walmart.com/ip/10450879,1.55,https://www.amazon.com/dp/B006C3VBX4,https://www.amazon.com/s?k=HARIBO%20Goldbears%20Original%20Gummies%20Assorted%20Fruit%20Flavor%20Gummy%20Candy%2C5oz%2C%20Share%20Size%20Bag,https://www.ebay.com/sch/i.html?_nkw=HARIBO%20Goldbears%20Original%20Gummies%20Assorted%20Fruit%20Flavor%20Gummy%20Candy%2C5oz%2C%20Share%20Size%20Bag,https://www.google.com/search?q=HARIBO%20Goldbears%20Original%20Gummies%20Assorted%20Fruit%20Flavor%20Gummy%20Candy%2C5oz%2C%20Share%20Size%20Bag,https://seller.walmart.com/catalog/add-items?search=10450879,N/A,no,no,no,8,0,8,2495,EPS HOME Distributors,mfn,$6.80,60,$6.80,$41.91,6.8,1.55,0.14,2.05 %,8.97 %,6.55,1.35,1,OOS,N/A,$5.11,$3.45,0,$0.54,8.00%,$0.01,1,$1.10,$0.30 /lb,$0.10,$0.00,$0.00,$0.00,$0.00,0,$0.00,3.9,37,Pulling package information from B006C3VBX4 via amazon.com,"7.17, 5.39, 0.71 in, 0.35 lbs",7.17,5.39,0.71,0.35,N/A,Computer
"06/11/2025, 01:25 AM PDT","06/11/2025, 04:25 AM EDT","06/11/2025, 03:25 AM CDT","06/11/2025, 01:25 AM PDT","HARIBO Happy Chicks Easter Gummies Assorted Fruit Flavor Chick Shaped Gummy Candy, 4oz, Share Size Peg Bag",3713421086,42238780651,N/A,N/A,HARIBO,Grocery,Gummy Candy,N/A,N/A,N/A,https://i5.walmartimages.com/seo/HARIBO-Gummy-Candy-Happy-Chicks-Easter-Gummies-Small-Peg-Bag-4-oz_ae9d81d6-eff8-45dc-88ac-69a7c4978f35.31e95fc90be9eb157749379247e36553.jpeg,,N/A,https://www.walmart.com/ip/3713421086,1.55,N/A,https://www.amazon.com/s?k=HARIBO%20Happy%20Chicks%20Easter%20Gummies%20Assorted%20Fruit%20Flavor%20Chick%20Shaped%20Gummy%20Candy%2C%204oz%2C%20Share%20Size%20Peg%20Bag,https://www.ebay.com/sch/i.html?_nkw=HARIBO%20Happy%20Chicks%20Easter%20Gummies%20Assorted%20Fruit%20Flavor%20Chick%20Shaped%20Gummy%20Candy%2C%204oz%2C%20Share%20Size%20Peg%20Bag,https://www.google.com/search?q=HARIBO%20Happy%20Chicks%20Easter%20Gummies%20Assorted%20Fruit%20Flavor%20Chick%20Shaped%20Gummy%20Candy%2C%204oz%2C%20Share%20Size%20Peg%20Bag,https://seller.walmart.com/catalog/add-items?search=3713421086,N/A,no,no,no,2,1,1,45,"KMAL Designs, LLC",wfs,$8.00,8,$7.95,$8.00,8,1.55,1.27,15.90 %,82.04 %,6.55,2.26,1,NA,N/A,$5.18,$3.45,0,$0.64,8.00%,$0.01,1,$1.08,$0.30 /lb,$0.08,$0.00,$0.00,$0.00,$0.00,0,$0.00,3.6,15,"For better accuracy, we’ve used dimensions from B01M088GX5 to provide more precise estimates,3 or less sellers","7.20, 5.63, 0.59 in, 0.26 lbs",7.20,5.63,0.59,0.26,N/A,Computer
"06/11/2025, 03:20 AM PDT","06/11/2025, 06:20 AM EDT","06/11/2025, 05:20 AM CDT","06/11/2025, 03:20 AM PDT","HARIBO Zing Sour Easter Grass Gummies Assorted Fruit Flavored Sour Gummy Candy, 4oz, Share Size Peg Bag",5038583893,42238781146,N/A,N/A,HARIBO,Grocery,Gummy Candy,N/A,N/A,N/A,https://i5.walmartimages.com/seo/Haribo-Gummy-Candy-Zing-Sour-Easter-Grass-Gummies-Small-Peg-Bag-4-oz_ef24853e-0198-4aeb-afad-41286c92588c.028aec17e867b0d02d8b40c93965ad18.png,,N/A,https://www.walmart.com/ip/5038583893,1.55,N/A,https://www.amazon.com/s?k=HARIBO%20Zing%20Sour%20Easter%20Grass%20Gummies%20Assorted%20Fruit%20Flavored%20Sour%20Gummy%20Candy%2C%204oz%2C%20Share%20Size%20Peg%20Bag,https://www.ebay.com/sch/i.html?_nkw=HARIBO%20Zing%20Sour%20Easter%20Grass%20Gummies%20Assorted%20Fruit%20Flavored%20Sour%20Gummy%20Candy%2C%204oz%2C%20Share%20Size%20Peg%20Bag,https://www.google.com/search?q=HARIBO%20Zing%20Sour%20Easter%20Grass%20Gummies%20Assorted%20Fruit%20Flavored%20Sour%20Gummy%20Candy%2C%204oz%2C%20Share%20Size%20Peg%20Bag,https://seller.walmart.com/catalog/add-items?search=5038583893,N/A,yes,no,no,1,0,1,12,Smile 'n' Save,mfn,$6.94,12,$6.94,$6.94,6.94,1.55,0.3,4.27 %,19.12 %,6.55,1.48,1,NA,N/A,$5.09,$3.45,0,$0.56,8.00%,$0.01,1,$1.08,$0.30 /lb,$0.08,$0.00,$0.00,$0.00,$0.00,0,$0.00,4.5,11,"For better accuracy, we’ve used dimensions from B01M088GX5 to provide more precise estimates,3 or less sellers","7.20, 5.63, 0.59 in, 0.26 lbs",7.20,5.63,0.59,0.26,N/A,Computer
"06/11/2025, 03:30 AM PDT","06/11/2025, 06:30 AM EDT","06/11/2025, 05:30 AM CDT","06/11/2025, 03:30 AM PDT","Dr. Pepper Sweet Cotton Candy, 3.1 Oz",616562434,655956008084,N/A,N/A,Dr Pepper Cotton Candy 3.1oz,Grocery,Cotton Candy,N/A,pepper:,N/A,https://i5.walmartimages.com/seo/Dr-Pepper-Sweet-Cotton-Candy-3-1-Oz_7fd84185-59ca-4747-9511-0fde6b997135.67999af27b160389ac4d8d95994f85d9.jpeg,,N/A,https://www.walmart.com/ip/616562434,2.47,https://www.amazon.com/dp/B07CJX6H54,https://www.amazon.com/s?k=Dr.%20Pepper%20Sweet%20Cotton%20Candy%2C%203.1%20Oz,https://www.ebay.com/sch/i.html?_nkw=Dr.%20Pepper%20Sweet%20Cotton%20Candy%2C%203.1%20Oz,https://www.google.com/search?q=Dr.%20Pepper%20Sweet%20Cotton%20Candy%2C%203.1%20Oz,https://seller.walmart.com/catalog/add-items?search=616562434,N/A,no,no,no,5,0,5,136,Valyou General,mfn,$8.18,126,$7.96,$13.10,8.18,2.47,0.1,1.16 %,3.85 %,8.00,2.05,1,$20.00,N/A,$5.61,$3.45,0,$0.65,8.00%,$0.29,1,$1.22,$0.30 /lb,$0.22,$0.00,$0.00,$0.00,$0.00,0,$0.00,3.9,14,Pulling package information from B07CJX6H54 via amazon.com,"13.70, 10.63, 4.61 in, 0.73 lbs",13.70,10.63,4.61,0.73,N/A,Computer
"06/11/2025, 03:43 AM PDT","06/11/2025, 06:43 AM EDT","06/11/2025, 05:43 AM CDT","06/11/2025, 03:43 AM PDT","Hello Panda Vanilla Creme Filled Cookie - Display, 70093 (22990087)",448257715,72320700939,"Vanilla, 0",3,Meiji Hello Panda,Grocery,Cookies,N/A,N/A,N/A,https://i5.walmartimages.com/seo/Hello-Panda-Vanilla-Creme-Filled-Cookie-Display-70093-22990087_adc6fea8-ec06-4da7-a44a-b9a27f91feeb.703229f51202f2da85b664edbc4592fd.png,,N/A,https://www.walmart.com/ip/448257715,4.37,https://www.amazon.com/dp/B0F3DHHMPW,https://www.amazon.com/s?k=Hello%20Panda%20Vanilla%20Creme%20Filled%20Cookie%20-%20Display%2C%2070093%20(22990087),https://www.ebay.com/sch/i.html?_nkw=Hello%20Panda%20Vanilla%20Creme%20Filled%20Cookie%20-%20Display%2C%2070093%20(22990087),https://www.google.com/search?q=Hello%20Panda%20Vanilla%20Creme%20Filled%20Cookie%20-%20Display%2C%2070093%20(22990087),https://seller.walmart.com/catalog/add-items?search=448257715,N/A,no,no,no,3,0,3,27,Mega ML LLC,mfn,$13.90,14,$13.90,$45.78,13.9,4.37,2.23,16.08 %,51.14 %,11.40,5.28,1,$13.14,N/A,$7.30,$5.45,0,$1.11,8.00%,$0.14,1,$0.59,$0.30 /lb,$0.59,$0.00,$0.00,$0.00,$0.00,0,$0.00,4.6,1422,"The listing has 3 variations,For better accuracy, we’ve used dimensions from B01GGLPO2A to provide more precise estimates,3 or less sellers","8.31, 6.57, 5.87 in, 1.98 lbs",8.31,6.57,5.87,1.98,N/A,Computer
"06/11/2025, 03:50 AM PDT","06/11/2025, 06:50 AM EDT","06/11/2025, 05:50 AM CDT","06/11/2025, 03:50 AM PDT","HERSHEY'S, KISSES Solid Milk Chocolate Candy, Easter, 1.45 oz, Gift Box",921791852,34000000401,N/A,N/A,Hershey's,Grocery,Chocolate Candy,N/A,N/A,N/A,https://i5.walmartimages.com/seo/HERSHEY-S-KISSES-Solid-Milk-Chocolate-Candy-Easter-1-45-oz-Gift-Box_05802346-222d-4480-92b9-39257770d4bf.4d6bf9f901c6dd790f55ca12318a68bb.jpeg,,N/A,https://www.walmart.com/ip/921791852,1.98,https://www.amazon.com/dp/B0054M6PTO,https://www.amazon.com/s?k=HERSHEY'S%2C%20KISSES%20Solid%20Milk%20Chocolate%20Candy%2C%20Easter%2C%201.45%20oz%2C%20Gift%20Box,https://www.ebay.com/sch/i.html?_nkw=HERSHEY'S%2C%20KISSES%20Solid%20Milk%20Chocolate%20Candy%2C%20Easter%2C%201.45%20oz%2C%20Gift%20Box,https://www.google.com/search?q=HERSHEY'S%2C%20KISSES%20Solid%20Milk%20Chocolate%20Candy%2C%20Easter%2C%201.45%20oz%2C%20Gift%20Box,https://seller.walmart.com/catalog/add-items?search=921791852,N/A,no,no,no,0,0,0,0,N/A,N/A,0,,,Price,8.09,1.98,0.97,12.05 %,49.24 %,6.95,2.36,1,OOS,N/A,$5.14,$3.45,0,$0.65,8.00%,$0.00,1,$1.03,$0.30 /lb,$0.03,$0.00,$0.00,$0.00,$0.00,0,$0.00,4.8,1020,"Walmart.com is on the listing,Pulling package information from B0054M6PTO via amazon.com,3 or less sellers","2.52, 2.13, 2.09 in, 0.11 lbs",2.52,2.13,2.09,0.11,N/A,Computer
"06/11/2025, 03:55 AM PDT","06/11/2025, 06:55 AM EDT","06/11/2025, 05:55 AM CDT","06/11/2025, 03:55 AM PDT","Hershey's Cookies 'n' Creme Polka Dot Eggs Easter Candy, Bag 8.5 oz",341554798,34000196463,Single,2,Hershey's,Grocery,Chocolate Candy,N/A,N/A,N/A,https://i5.walmartimages.com/seo/Hershey-s-Cookies-n-Creme-Polka-Dot-Eggs-Easter-Candy-Bag-8-5-oz_dc950797-3956-4f5d-8f4a-81e8a3b5712b.0aacf42832c40833fd672bad1c3f2d81.jpeg,,N/A,https://www.walmart.com/ip/341554798,6.42,https://www.amazon.com/dp/B09C2GYB35,https://www.amazon.com/s?k=Hershey's%20Cookies%20'n'%20Creme%20Polka%20Dot%20Eggs%20Easter%20Candy%2C%20Bag%208.5%20oz,https://www.ebay.com/sch/i.html?_nkw=Hershey's%20Cookies%20'n'%20Creme%20Polka%20Dot%20Eggs%20Easter%20Candy%2C%20Bag%208.5%20oz,https://www.google.com/search?q=Hershey's%20Cookies%20'n'%20Creme%20Polka%20Dot%20Eggs%20Easter%20Candy%2C%20Bag%208.5%20oz,https://seller.walmart.com/catalog/add-items?search=341554798,N/A,no,yes,no,3,1,2,41,Cinco Estrellitas,wfs,$11.00,38,$11.00,$15.37,11,6.42,0.06,0.56 %,0.96 %,10.85,5.19,1,$8.88,N/A,$4.52,$3.45,0,$0.88,8.00%,$0.02,1,$0.17,$0.30 /lb,$0.17,$0.00,$0.00,$0.00,$0.00,0,$0.00,3.9,61,"The listing has 2 variations,Pulling package information from B09C2GYB35 via amazon.com,3 or less sellers","6.38, 4.21, 1.73 in, 0.56 lbs",6.38,4.21,1.73,0.56,N/A,Computer
"06/11/2025, 04:00 AM PDT","06/11/2025, 07:00 AM EDT","06/11/2025, 06:00 AM CDT","06/11/2025, 04:00 AM PDT","Hershey's, Cookies 'n' Creme Dipped Pretzels, 4.25 oz",452973844,34000214624,N/A,N/A,Hershey's,Grocery,Pretzels,N/A,N/A,34000 21462,https://i5.walmartimages.com/seo/Hershey-s-Cookies-n-Creme-Dipped-Pretzels-4-25-oz_19fbe21e-384a-4e8d-beaf-32b510502687_1.6677f29fba1462995558fc7251ba650e.jpeg,,N/A,https://www.walmart.com/ip/452973844,3.05,https://www.amazon.com/dp/B072FDWH8J,https://www.amazon.com/s?k=Hershey's%2C%20Cookies%20'n'%20Creme%20Dipped%20Pretzels%2C%204.25%20oz,https://www.ebay.com/sch/i.html?_nkw=Hershey's%2C%20Cookies%20'n'%20Creme%20Dipped%20Pretzels%2C%204.25%20oz,https://www.google.com/search?q=Hershey's%2C%20Cookies%20'n'%20Creme%20Dipped%20Pretzels%2C%204.25%20oz,https://seller.walmart.com/catalog/add-items?search=452973844,N/A,no,no,no,2,1,1,66,Hominics Essentials,wfs,$8.84,19,$8.84,$8.99,8.84,3.05,0.54,6.07 %,17.59 %,8.15,2.87,1,$7.38,200+ units sold this month on Amazon,$5.25,$3.45,0,$0.71,8.00%,$0.02,1,$1.08,$0.30 /lb,$0.08,$0.00,$0.00,$0.00,$0.00,0,$0.00,4.4,23,3 or less sellers,"8.50, 5.00, 1.00 in, 0.26 lbs",8.50,5.00,1.00,0.26,N/A,Computer
"06/11/2025, 04:04 AM PDT","06/11/2025, 07:04 AM EDT","06/11/2025, 06:04 AM CDT","06/11/2025, 04:04 AM PDT","Hershey's Kisses Solid Milk Chocolate Candy, Gift Box 7 oz",10449885,34000025053,"7 oz, Single",2,Hershey's,Grocery,Chocolate Candy,N/A,N/A,34000 02505,https://i5.walmartimages.com/seo/Hershey-s-Kisses-Solid-Milk-Chocolate-Candy-Gift-Box-7-oz_ea7b2462-60e6-4ebc-948a-9a05aa1b0415.5a1bf5ce159c9e09d028e21ea272bc16.jpeg,,N/A,https://www.walmart.com/ip/10449885,5.36,https://www.amazon.com/dp/B0054L5PHS,https://www.amazon.com/s?k=Hershey's%20Kisses%20Solid%20Milk%20Chocolate%20Candy%2C%20Gift%20Box%207%20oz,https://www.ebay.com/sch/i.html?_nkw=Hershey's%20Kisses%20Solid%20Milk%20Chocolate%20Candy%2C%20Gift%20Box%207%20oz,https://www.google.com/search?q=Hershey's%20Kisses%20Solid%20Milk%20Chocolate%20Candy%2C%20Gift%20Box%207%20oz,https://seller.walmart.com/catalog/add-items?search=10449885,N/A,no,no,no,3,0,3,5,Marvelously Curated,mfn,$11.08,1,$11.08,$15.55,11.08,5.36,1.21,10.91 %,22.55 %,0.00,5.25,1,$10.00,50+ units sold this month on Amazon,$4.51,$3.45,0,$0.89,8.00%,$0.02,1,$0.15,$0.30 /lb,$0.15,$0.00,$0.00,$0.00,$0.00,0,$0.00,4.8,1025,"The listing has 2 variations,Pulling package information from B0054L5PHS via amazon.com,3 or less sellers","4.17, 3.54, 3.43 in, 0.51 lbs",4.17,3.54,3.43,0.51,N/A,Computer
"06/11/2025, 04:05 AM PDT","06/11/2025, 07:05 AM EDT","06/11/2025, 06:05 AM CDT","06/11/2025, 04:05 AM PDT","Hershey's Milk Chocolate with Marshmallows Hot Chocolate Bomb Christmas Candy, Gift Box 1.25 oz",287580348,34000229222,Single,2,Hershey's,Grocery,Chocolate Candy,N/A,N/A,N/A,https://i5.walmartimages.com/seo/Hershey-s-Milk-Chocolate-with-Marshmallows-Hot-Chocolate-Bomb-Christmas-Candy-Gift-Box-1-25-oz_c106529c-e52d-4731-9171-31bfc76d1967.f20ded19870a83a72615239662aa8a72.jpeg,,N/A,https://www.walmart.com/ip/287580348,4.12,https://www.amazon.com/dp/B09V9J6WN9,https://www.amazon.com/s?k=Hershey's%20Milk%20Chocolate%20with%20Marshmallows%20Hot%20Chocolate%20Bomb%20Christmas%20Candy%2C%20Gift%20Box%201.25%20oz,https://www.ebay.com/sch/i.html?_nkw=Hershey's%20Milk%20Chocolate%20with%20Marshmallows%20Hot%20Chocolate%20Bomb%20Christmas%20Candy%2C%20Gift%20Box%201.25%20oz,https://www.google.com/search?q=Hershey's%20Milk%20Chocolate%20with%20Marshmallows%20Hot%20Chocolate%20Bomb%20Christmas%20Candy%2C%20Gift%20Box%201.25%20oz,https://seller.walmart.com/catalog/add-items?search=287580348,N/A,no,no,no,1,0,1,7,"SGDC, LLC",mfn,$10.98,7,$10.98,$10.98,10.98,4.12,2.49,22.65 %,60.38 %,9.30,5.29,1,$12.87,N/A,$4.37,$3.45,0,$0.88,8.00%,$0.01,1,$0.03,$0.30 /lb,$0.03,$0.00,$0.00,$0.00,$0.00,0,$0.00,4.1,102,"The listing has 2 variations,Pulling package information from B09V9J6WN9 via amazon.com,3 or less sellers","3.78, 2.64, 2.56 in, 0.11 lbs",3.78,2.64,2.56,0.11,N/A,Computer
"06/11/2025, 04:15 AM PDT","06/11/2025, 07:15 AM EDT","06/11/2025, 06:15 AM CDT","06/11/2025, 04:15 AM PDT","Hershey's, Cookies N Creme Dipped Pretzels, 8.5 Oz",663163020,34000214655,N/A,N/A,Hershey's,Grocery,Pretzels,N/A,N/A,34000 21465,https://i5.walmartimages.com/seo/Hershey-s-Cookies-N-Creme-Dipped-Pretzels-8-5-Oz_4d608afa-7604-4f56-87ee-b151308739af_1.a49119fe3d6c6b8f7e6343f52e82e30e.jpeg,,N/A,https://www.walmart.com/ip/663163020,5.25,https://www.amazon.com/dp/B0722V12GC,https://www.amazon.com/s?k=Hershey's%2C%20Cookies%20N%20Creme%20Dipped%20Pretzels%2C%208.5%20Oz,https://www.ebay.com/sch/i.html?_nkw=Hershey's%2C%20Cookies%20N%20Creme%20Dipped%20Pretzels%2C%208.5%20Oz,https://www.google.com/search?q=Hershey's%2C%20Cookies%20N%20Creme%20Dipped%20Pretzels%2C%208.5%20Oz,https://seller.walmart.com/catalog/add-items?search=663163020,N/A,no,no,no,3,1,2,20,Super Savings Now,wfs,$11.10,6,$11.10,$15.17,11.1,5.25,1.28,11.51 %,24.33 %,0.00,5.22,1,OOS,100+ units sold this month on Amazon,$4.57,$3.45,0,$0.89,8.00%,$0.07,1,$0.17,$0.30 /lb,$0.17,$0.00,$0.00,$0.00,$0.00,0,$0.00,4.5,25,"Pulling package information from B0722V12GC via amazon.com,3 or less sellers","8.98, 7.44, 2.40 in, 0.55 lbs",8.98,7.44,2.40,0.55,N/A,Computer
"06/11/2025, 04:21 AM PDT","06/11/2025, 07:21 AM EDT","06/11/2025, 06:21 AM CDT","06/11/2025, 04:21 AM PDT","Hershey's Zero Sugar Caramel Filled Chocolate Candy, Bag 3 oz",10449916,34000249770,N/A,N/A,Hershey's,Grocery,Candy Bars & Miniatures,N/A,N/A,34000 24977,https://i5.walmartimages.com/seo/Hershey-s-Zero-Sugar-Caramel-Filled-Chocolate-Candy-Bag-3-oz_adef896f-a0bc-4872-8dfc-cba2b3a5132c.0532a8fa1d0504420379b75037e8b74e.jpeg,,N/A,https://www.walmart.com/ip/10449916,3.32,https://www.amazon.com/dp/B00OLEDUBM,https://www.amazon.com/s?k=Hershey's%20Zero%20Sugar%20Caramel%20Filled%20Chocolate%20Candy%2C%20Bag%203%20oz,https://www.ebay.com/sch/i.html?_nkw=Hershey's%20Zero%20Sugar%20Caramel%20Filled%20Chocolate%20Candy%2C%20Bag%203%20oz,https://www.google.com/search?q=Hershey's%20Zero%20Sugar%20Caramel%20Filled%20Chocolate%20Candy%2C%20Bag%203%20oz,https://seller.walmart.com/catalog/add-items?search=10449916,Best seller,no,no,no,1,0,1,6,Piper S LLC,mfn,$11.98,6,$11.98,$11.98,11.98,3.32,4.18,34.86 %,125.80 %,8.45,6.00,1,OOS,N/A,$4.48,$3.45,0,$0.96,8.00%,$0.01,1,$0.06,$0.30 /lb,$0.06,$0.00,$0.00,$0.00,$0.00,0,$0.00,4.4,494,3 or less sellers,"0.80, 5.10, 6.81 in, 0.21 lbs",0.80,5.10,6.81,0.21,N/A,Computer
"06/11/2025, 04:24 AM PDT","06/11/2025, 07:24 AM EDT","06/11/2025, 06:24 AM CDT","06/11/2025, 04:24 AM PDT","Hershey's Zero Sugar Chocolate Candy, Bag 3 oz",10535652,34000270019,Single,1,Hershey's,Grocery,Chocolate Candy,N/A,N/A,0003400027001,https://i5.walmartimages.com/seo/Hershey-s-Zero-Sugar-Chocolate-Candy-Bag-3-oz_c970e061-d2af-4799-908f-5112eaffa2b3.9e20742209b5b452572014ddda7349eb.jpeg,,N/A,https://www.walmart.com/ip/10535652,3.5,https://www.amazon.com/dp/B003WEHSDI,https://www.amazon.com/s?k=Hershey's%20Zero%20Sugar%20Chocolate%20Candy%2C%20Bag%203%20oz,https://www.ebay.com/sch/i.html?_nkw=Hershey's%20Zero%20Sugar%20Chocolate%20Candy%2C%20Bag%203%20oz,https://www.google.com/search?q=Hershey's%20Zero%20Sugar%20Chocolate%20Candy%2C%20Bag%203%20oz,https://seller.walmart.com/catalog/add-items?search=10535652,Best seller,no,no,no,1,0,1,2323,Smart Cart,mfn,$14.94,2323,$14.94,$14.94,14.94,3.5,3.83,25.61 %,109.33 %,10.70,5.86,1,$59.81,N/A,$7.61,$5.45,0,$1.20,8.00%,$0.16,1,$0.81,$0.30 /lb,$0.81,$0.00,$0.00,$0.00,$0.00,0,$0.00,4.5,402,"Pulling package information from B003WEHSDI via amazon.com,3 or less sellers","17.72, 7.01, 2.99 in, 2.69 lbs",17.72,7.01,2.99,2.69,N/A,Computer
"06/11/2025, 04:25 AM PDT","06/11/2025, 07:25 AM EDT","06/11/2025, 06:25 AM CDT","06/11/2025, 04:25 AM PDT","Hershey's Special Dark Zero Sugar Chocolate Candy, Bag 3 oz",10535658,34000270217,N/A,N/A,Hershey's,Grocery,Candy Bars & Miniatures,N/A,N/A,34000 27021,https://i5.walmartimages.com/seo/Hershey-s-Special-Dark-Zero-Sugar-Chocolate-Candy-Bag-3-oz_8e4a3cea-3469-4413-8225-ffae0cbdb4dc.f6677e2796f914b37887cce61ed3b63c.jpeg,,N/A,https://www.walmart.com/ip/10535658,3.2,https://www.amazon.com/dp/B00EV66IO6,https://www.amazon.com/s?k=Hershey's%20Special%20Dark%20Zero%20Sugar%20Chocolate%20Candy%2C%20Bag%203%20oz,https://www.ebay.com/sch/i.html?_nkw=Hershey's%20Special%20Dark%20Zero%20Sugar%20Chocolate%20Candy%2C%20Bag%203%20oz,https://www.google.com/search?q=Hershey's%20Special%20Dark%20Zero%20Sugar%20Chocolate%20Candy%2C%20Bag%203%20oz,https://seller.walmart.com/catalog/add-items?search=10535658,Best seller,no,no,no,3,0,3,163,WF Market,mfn,$8.65,120,$8.65,$11.48,8.65,3.2,0.23,2.65 %,7.16 %,8.30,2.74,1,OOS,N/A,$5.22,$3.45,0,$0.69,8.00%,$0.02,1,$1.06,$0.30 /lb,$0.06,$0.00,$0.00,$0.00,$0.00,0,$0.00,4.5,453,3 or less sellers,"1.02, 4.92, 7.28 in, 0.21 lbs",1.02,4.92,7.28,0.21,N/A,Computer
"06/11/2025, 04:48 AM PDT","06/11/2025, 07:48 AM EDT","06/11/2025, 06:48 AM CDT","06/11/2025, 04:48 AM PDT","HIPPEAS Chickpea Puffs, Groovy White Cheddar, Gluten-Free, 4 oz Bag",2628326532,810122080015,Single,2,HIPPEAS,Grocery,Puffed Snacks,N/A,N/A,N/A,https://i5.walmartimages.com/seo/HIPPEAS-Chickpea-Puffs-Groovy-White-Cheddar-Gluten-Free-4-oz-Bag_2e884dcf-a7c6-410f-8893-e44516ed1d3c.08a78aab061d309bd047f298845bfb1b.png,,N/A,https://www.walmart.com/ip/2628326532,2.82,https://www.amazon.com/dp/B0BQXKFV1T,https://www.amazon.com/s?k=HIPPEAS%20Chickpea%20Puffs%2C%20Groovy%20White%20Cheddar%2C%20Gluten-Free%2C%204%20oz%20Bag,https://www.ebay.com/sch/i.html?_nkw=HIPPEAS%20Chickpea%20Puffs%2C%20Groovy%20White%20Cheddar%2C%20Gluten-Free%2C%204%20oz%20Bag,https://www.google.com/search?q=HIPPEAS%20Chickpea%20Puffs%2C%20Groovy%20White%20Cheddar%2C%20Gluten-Free%2C%204%20oz%20Bag,https://seller.walmart.com/catalog/add-items?search=2628326532,N/A,no,yes,no,4,0,4,172,Mi Pueblo,mfn,$9.37,24,$9.37,$13.28,9.37,2.82,1.19,12.68 %,42.15 %,8.00,3.21,1,$8.43,9k+ units sold this month on Amazon,$5.36,$3.45,0,$0.75,8.00%,$0.08,1,$1.08,$0.30 /lb,$0.08,$0.00,$0.00,$0.00,$0.00,0,$0.00,4.6,461,"The listing has 2 variations,Pulling package information from B0BQXKFV1T via amazon.com","11.73, 7.09, 2.24 in, 0.27 lbs",11.73,7.09,2.24,0.27,N/A,Computer
"06/11/2025, 11:47 PM PDT","06/12/2025, 02:47 AM EDT","06/12/2025, 01:47 AM CDT","06/11/2025, 11:47 PM PDT",Holland House White Lemon Cooking Wine 16 fl oz,29303844,72412010052,N/A,N/A,Holland House,Grocery,Cooking Wines,N/A,N/A,HG0931675,https://i5.walmartimages.com/seo/Holland-House-White-Lemon-Cooking-Wine-with-Lemon-16-fl-oz_65ff2e48-f1be-4300-8bb7-46ddb6252bbb.df126058cfed1e0def091448f82c8125.jpeg,,N/A,https://www.walmart.com/ip/29303844,4.38,https://www.amazon.com/dp/B01GCD583M,https://www.amazon.com/s?k=Holland%20House%20White%20Lemon%20Cooking%20Wine%2016%20fl%20oz,https://www.ebay.com/sch/i.html?_nkw=Holland%20House%20White%20Lemon%20Cooking%20Wine%2016%20fl%20oz,https://www.google.com/search?q=Holland%20House%20White%20Lemon%20Cooking%20Wine%2016%20fl%20oz,https://seller.walmart.com/catalog/add-items?search=29303844,N/A,no,no,no,0,0,0,0,N/A,N/A,0,,,Price,12.54,4.38,1.64,13.05 %,37.36 %,10.70,4.81,1,OOS,100+ units sold this month on Amazon,$6.52,$4.95,0,$1.00,8.00%,$0.05,1,$0.53,$0.30 /lb,$0.53,$0.00,$0.00,$0.00,$0.00,0,$0.00,4.5,81,"Pulling package information from B01GCD583M via amazon.com,3 or less sellers","9.33, 4.06, 2.76 in, 1.75 lbs",9.33,4.06,2.76,1.75,N/A,Computer
"06/11/2025, 11:49 PM PDT","06/12/2025, 02:49 AM EDT","06/12/2025, 01:49 AM CDT","06/11/2025, 11:49 PM PDT","Holland House Red Cooking Wine, 16 FL oz",15610852,72412010038,N/A,N/A,Holland House,Grocery,Cooking Wines,N/A,N/A,912424,https://i5.walmartimages.com/seo/Holland-House-Red-Cooking-Wine-16-FL-oz_7d5236b2-590e-4db6-acf4-aebb3a0ed3b8.7449c6f06e902f8a1ec5db657baa5ba6.jpeg,,N/A,https://www.walmart.com/ip/15610852,4.38,https://www.amazon.com/dp/B00XMY5ABA,https://www.amazon.com/s?k=Holland%20House%20Red%20Cooking%20Wine%2C%2016%20FL%20oz,https://www.ebay.com/sch/i.html?_nkw=Holland%20House%20Red%20Cooking%20Wine%2C%2016%20FL%20oz,https://www.google.com/search?q=Holland%20House%20Red%20Cooking%20Wine%2C%2016%20FL%20oz,https://seller.walmart.com/catalog/add-items?search=15610852,N/A,yes,yes,no,2,0,2,29,fashion me B,mfn,$12.98,17,$12.98,$18.96,12.98,4.38,0.72,5.58 %,16.53 %,12.10,4.08,1,$8.91,N/A,$7.88,$5.75,0,$1.04,8.00%,$0.07,1,$1.01,$0.30 /lb,$1.01,$0.00,$0.00,$0.00,$0.00,0,$0.00,4.7,145,"Pulling package information from B00XMY5ABA via amazon.com,3 or less sellers","9.49, 5.98, 2.99 in, 3.38 lbs",9.49,5.98,2.99,3.38,N/A,Computer
"06/11/2025, 11:50 PM PDT","06/12/2025, 02:50 AM EDT","06/12/2025, 01:50 AM CDT","06/11/2025, 11:50 PM PDT","Holland House White Cooking Wine, 16 fl oz",15556278,72412010045,N/A,N/A,Holland House,Grocery,Cooking Wines,N/A,N/A,912425,https://i5.walmartimages.com/seo/Holland-House-White-Cooking-Wine-16-fl-oz_143b9750-9735-41bd-a2d2-7ac6b073d6ec.4844a24813bdfaebe24b6daabb3f36f3.jpeg,,N/A,https://www.walmart.com/ip/15556278,4.38,https://www.amazon.com/dp/B0048II41W,https://www.amazon.com/s?k=Holland%20House%20White%20Cooking%20Wine%2C%2016%20fl%20oz,https://www.ebay.com/sch/i.html?_nkw=Holland%20House%20White%20Cooking%20Wine%2C%2016%20fl%20oz,https://www.google.com/search?q=Holland%20House%20White%20Cooking%20Wine%2C%2016%20fl%20oz,https://seller.walmart.com/catalog/add-items?search=15556278,N/A,yes,no,no,1,0,1,3,Fresh Finds,mfn,$13.29,3,$13.29,$13.29,13.29,4.38,2.33,17.51 %,53.11 %,10.70,5.37,1,$39.16,N/A,$6.58,$4.95,0,$1.06,8.00%,$0.05,1,$0.53,$0.30 /lb,$0.53,$0.00,$0.00,$0.00,$0.00,0,$0.00,4.7,147,"For better accuracy, we’ve used dimensions from B01GCD583M to provide more precise estimates,3 or less sellers","9.33, 4.06, 2.76 in, 1.75 lbs",9.33,4.06,2.76,1.75,N/A,Computer
"06/11/2025, 11:53 PM PDT","06/12/2025, 02:53 AM EDT","06/12/2025, 01:53 AM CDT","06/11/2025, 11:53 PM PDT",Holland House Hse Ving 5% Malt (6x12OZ ),29942449,72412000367,N/A,N/A,Holland House,Grocery,Vinegars,N/A,N/A,HG0985457,https://i5.walmartimages.com/seo/HOLLAND-HOUSE-Vinegar-Malt-12OZ-Pack-of-6_1af82557-076c-4b10-8797-258f2e0d6137.4fd6c5c8a0e3acf51da5d54e8a9147ad.jpeg,,N/A,https://www.walmart.com/ip/29942449,19.38,https://www.amazon.com/dp/B01N054POQ,https://www.amazon.com/s?k=Holland%20House%20Hse%20Ving%205%25%20Malt%20(6x12OZ%20),https://www.ebay.com/sch/i.html?_nkw=Holland%20House%20Hse%20Ving%205%25%20Malt%20(6x12OZ%20),https://www.google.com/search?q=Holland%20House%20Hse%20Ving%205%25%20Malt%20(6x12OZ%20),https://seller.walmart.com/catalog/add-items?search=29942449,N/A,no,no,no,1,0,1,38,Amber Worldwide,mfn,$35.37,38,$35.37,$35.37,35.37,19.38,4.39,12.40 %,22.63 %,30.10,19.01,1,$38.64,N/A,$11.60,$5.45,0,$5.31,15.00%,$0.07,1,$0.78,$0.30 /lb,$0.78,$0.00,$0.00,$0.00,$0.00,0,$0.00,3.8,23,3 or less sellers,"12.50, 4.50, 2.80 in, 2.60 lbs",12.50,4.50,2.80,2.60,N/A,Computer
"06/12/2025, 12:07 AM PDT","06/12/2025, 03:07 AM EDT","06/12/2025, 02:07 AM CDT","06/12/2025, 12:07 AM PDT","Hu Almond Butter + Puffed Quinoa Dark Chocolate, 2.1 oz",692578791,850180006008,N/A,N/A,Hu Kitchen,Grocery,Chocolate Candy,N/A,N/A,HUC00600,https://i5.walmartimages.com/seo/Hu-Almond-Butter-Puffed-Quinoa-Dark-Chocolate-2-1-oz_9f516743-e4d1-4a45-82d2-2bdf8c49e345.14c525c028c2322646eecadbff3c2928.jpeg,,N/A,https://www.walmart.com/ip/692578791,3.93,https://www.amazon.com/dp/B07813Z1G4,https://www.amazon.com/s?k=Hu%20Almond%20Butter%20%2B%20Puffed%20Quinoa%20Dark%20Chocolate%2C%202.1%20oz,https://www.ebay.com/sch/i.html?_nkw=Hu%20Almond%20Butter%20%2B%20Puffed%20Quinoa%20Dark%20Chocolate%2C%202.1%20oz,https://www.google.com/search?q=Hu%20Almond%20Butter%20%2B%20Puffed%20Quinoa%20Dark%20Chocolate%2C%202.1%20oz,https://seller.walmart.com/catalog/add-items?search=692578791,N/A,yes,yes,no,1,1,0,4,EFASTCART,wfs,$10.30,4,$10.30,$10.30,10.3,3.93,2.05,19.86 %,52.06 %,9.10,4.78,1,$4.99,2k+ units sold this month on Amazon,$4.32,$3.45,0,$0.82,8.00%,$0.01,1,$0.04,$0.30 /lb,$0.04,$0.00,$0.00,$0.00,$0.00,0,$0.00,4.4,29,"Pulling package information from B07813Z1G4 via amazon.com,3 or less sellers","6.18, 6.14, 0.67 in, 0.13 lbs",6.18,6.14,0.67,0.13,N/A,Computer
"06/12/2025, 12:52 AM PDT","06/12/2025, 03:52 AM EDT","06/12/2025, 02:52 AM CDT","06/12/2025, 12:52 AM PDT","Hu Hazelnut Butter Dark Chocolate, 2.1 oz",304728171,850180006060,N/A,N/A,Hu Kitchen,Grocery,Candy Bars & Miniatures,N/A,N/A,HUC00606,https://i5.walmartimages.com/seo/Hu-Hazelnut-Butter-Dark-Chocolate-2-1-oz_a2188147-473c-4ff5-bec5-589ec3f5409f.d6c91dc70b4523cf40f2dfb8f4833507.jpeg,,N/A,https://www.walmart.com/ip/304728171,3.93,https://www.amazon.com/dp/B07811PV63,https://www.amazon.com/s?k=Hu%20Hazelnut%20Butter%20Dark%20Chocolate%2C%202.1%20oz,https://www.ebay.com/sch/i.html?_nkw=Hu%20Hazelnut%20Butter%20Dark%20Chocolate%2C%202.1%20oz,https://www.google.com/search?q=Hu%20Hazelnut%20Butter%20Dark%20Chocolate%2C%202.1%20oz,https://seller.walmart.com/catalog/add-items?search=304728171,N/A,no,yes,no,1,0,1,19,WF Market,mfn,$11.55,19,$11.55,$11.55,11.55,3.93,3.21,27.76 %,81.59 %,9.05,5.71,1,$3.69,3k+ units sold this month on Amazon,$4.41,$3.45,0,$0.92,8.00%,$0.00,1,$0.04,$0.30 /lb,$0.04,$0.00,$0.00,$0.00,$0.00,0,$0.00,4.9,162,3 or less sellers,"1.00, 1.00, 1.00 in, 0.13 lbs",1.00,1.00,1.00,0.13,N/A,Computer
"06/12/2025, 12:55 AM PDT","06/12/2025, 03:55 AM EDT","06/12/2025, 02:55 AM CDT","06/12/2025, 12:55 AM PDT","Hu Milk Chocolate Hazelnut Bar, Organic, 2.1 oz",408033277,850024267954,Hazelnut,1,Hu Kitchen,Grocery,Candy Bars & Miniatures,N/A,N/A,N/A,https://i5.walmartimages.com/seo/Hu-Milk-Chocolate-Hazelnut-Bar-Organic-2-1-oz_b90749e7-2dc3-426d-89c9-39319e45a4da.33c21d99a6c87142081279f9527c69f5.jpeg,,N/A,https://www.walmart.com/ip/408033277,3.93,https://www.amazon.com/dp/B0B75RLWDW,https://www.amazon.com/s?k=Hu%20Milk%20Chocolate%20Hazelnut%20Bar%2C%20Organic%2C%202.1%20oz,https://www.ebay.com/sch/i.html?_nkw=Hu%20Milk%20Chocolate%20Hazelnut%20Bar%2C%20Organic%2C%202.1%20oz,https://www.google.com/search?q=Hu%20Milk%20Chocolate%20Hazelnut%20Bar%2C%20Organic%2C%202.1%20oz,https://seller.walmart.com/catalog/add-items?search=408033277,N/A,yes,no,no,1,0,1,29,WF Market,mfn,$11.91,29,$11.91,$11.91,11.91,3.93,3.54,29.69 %,89.96 %,9.05,5.97,1,$9.59,800+ units sold this month on Amazon,$4.44,$3.45,0,$0.95,8.00%,$0.00,1,$0.04,$0.30 /lb,$0.04,$0.00,$0.00,$0.00,$0.00,0,$0.00,4.7,114,3 or less sellers,"1.00, 1.00, 6.00 in, 0.13 lbs",1.00,1.00,6.00,0.13,N/A,Computer
"06/12/2025, 12:58 AM PDT","06/12/2025, 03:58 AM EDT","06/12/2025, 02:58 AM CDT","06/12/2025, 12:58 AM PDT","Hu - Cashew Hunks Chocolate Vanilla Bean, 1oz | Pack of 10",3871610999,850009647771,N/A,N/A,Hu Kitchen,Grocery,Chocolate Candy,N/A,N/A,N/A,https://i5.walmartimages.com/seo/Hu-Cashew-Hunks-Chocolate-Vanilla-Bean-1oz-Pack-of-10_61c4d7a8-e26d-4b1b-9efe-e6bbe076621f.743e1d87369c7a4ebee9eaedb9d17291.jpeg,,N/A,https://www.walmart.com/ip/3871610999,20,N/A,https://www.amazon.com/s?k=Hu%20-%20Cashew%20Hunks%20Chocolate%20Vanilla%20Bean%2C%201oz%20%7C%20Pack%20of%2010,https://www.ebay.com/sch/i.html?_nkw=Hu%20-%20Cashew%20Hunks%20Chocolate%20Vanilla%20Bean%2C%201oz%20%7C%20Pack%20of%2010,https://www.google.com/search?q=Hu%20-%20Cashew%20Hunks%20Chocolate%20Vanilla%20Bean%2C%201oz%20%7C%20Pack%20of%2010,https://seller.walmart.com/catalog/add-items?search=3871610999,N/A,no,no,no,0,0,0,0,N/A,N/A,0,,,Price,36.02,20,6.88,19.10 %,34.41 %,27.85,21.51,1,NA,N/A,$9.14,$3.45,0,$5.40,15.00%,$0.07,1,$0.21,$0.30 /lb,$0.21,$0.00,$0.00,$0.00,$0.00,0,$0.00,4.7,199,"For better accuracy, we’ve used dimensions from B0BP41K31Z to provide more precise estimates,3 or less sellers","8.58, 6.18, 3.15 in, 0.71 lbs",8.58,6.18,3.15,0.71,N/A,Computer
"06/12/2025, 12:59 AM PDT","06/12/2025, 03:59 AM EDT","06/12/2025, 02:59 AM CDT","06/12/2025, 12:59 AM PDT","HUBBA BUBBA, Christmas Candy, Original, Bubble Tape, Festive Case, 2 Oz. Pack",14122343,22000011480,N/A,N/A,HUBBA BUBBA,Grocery,Chewing Gum,N/A,N/A,24934,https://i5.walmartimages.com/seo/HUBBA-BUBBA-Christmas-Candy-Original-Bubble-Tape-Festive-Case-2-Oz-Pack_623bd65a-aeba-4f9c-a4e7-837539d08eb9.e3c4e878183e73a44d6c188bd49ba6ba.jpeg,,N/A,https://www.walmart.com/ip/14122343,1.71,https://www.amazon.com/dp/B00AVQRTU2,https://www.amazon.com/s?k=HUBBA%20BUBBA%2C%20Christmas%20Candy%2C%20Original%2C%20Bubble%20Tape%2C%20Festive%20Case%2C%202%20Oz.%20Pack,https://www.ebay.com/sch/i.html?_nkw=HUBBA%20BUBBA%2C%20Christmas%20Candy%2C%20Original%2C%20Bubble%20Tape%2C%20Festive%20Case%2C%202%20Oz.%20Pack,https://www.google.com/search?q=HUBBA%20BUBBA%2C%20Christmas%20Candy%2C%20Original%2C%20Bubble%20Tape%2C%20Festive%20Case%2C%202%20Oz.%20Pack,https://seller.walmart.com/catalog/add-items?search=14122343,N/A,no,no,no,0,0,0,0,N/A,N/A,0,,,Price,7.68,1.71,0.86,11.23 %,50.45 %,6.65,2.06,1,OOS,N/A,$5.11,$3.45,0,$0.61,8.00%,$0.00,1,$1.04,$0.30 /lb,$0.04,$0.00,$0.00,$0.00,$0.00,0,$0.00,4.7,28,"Walmart.com is on the listing,3 or less sellers","0.95, 3.17, 3.05 in, 0.13 lbs",0.95,3.17,3.05,0.13,N/A,Computer
"06/12/2025, 03:16 AM PDT","06/12/2025, 06:16 AM EDT","06/12/2025, 05:16 AM CDT","06/12/2025, 03:16 AM PDT","illy Decaf Whole Bean Coffee, Classico Medium Roast, 100% Arabica, 8.8 oz",43441970,733411000184,"Decaf Classico Medium Roast, Single",8,illy,Grocery,Whole Bean Coffee,N/A,N/A,HIC-EC100,https://i5.walmartimages.com/seo/illy-Caffe-8-8-oz-Whole-Bean-Decaf-Espresso-0496_d5d859df-8101-45fd-b5da-3733bd3dbf12.68c950f8301a1c9ea5595bda1677ce3e.jpeg,,N/A,https://www.walmart.com/ip/43441970,11.51,https://www.amazon.com/dp/B009D86QDK,https://www.amazon.com/s?k=illy%20Decaf%20Whole%20Bean%20Coffee%2C%20Classico%20Medium%20Roast%2C%20100%25%20Arabica%2C%208.8%20oz,https://www.ebay.com/sch/i.html?_nkw=illy%20Decaf%20Whole%20Bean%20Coffee%2C%20Classico%20Medium%20Roast%2C%20100%25%20Arabica%2C%208.8%20oz,https://www.google.com/search?q=illy%20Decaf%20Whole%20Bean%20Coffee%2C%20Classico%20Medium%20Roast%2C%20100%25%20Arabica%2C%208.8%20oz,https://seller.walmart.com/catalog/add-items?search=43441970,N/A,no,no,no,2,0,2,13,Lynnes Goods,mfn,$27.00,3,$26.80,$27.00,27,11.51,6.2,22.97 %,53.89 %,19.60,14.17,1,$13.82,1k+ units sold this month on Amazon,$9.29,$4.95,0,$4.05,15.00%,$0.03,1,$0.26,$0.30 /lb,$0.26,$0.00,$0.00,$0.00,$0.00,0,$0.00,4.7,2634,"The listing has 8 variations,Pulling package information from B009D86QDK via amazon.com,3 or less sellers","5.63, 3.58, 3.39 in, 0.86 lbs",5.63,3.58,3.39,0.86,N/A,Computer
"06/12/2025, 03:37 AM PDT","06/12/2025, 06:37 AM EDT","06/12/2025, 05:37 AM CDT","06/12/2025, 03:37 AM PDT","Iron Chef General Tso's Sauce & Glaze, 15.0 OZ",10543960,731050000749,Single,2,Iron Chef,Grocery,Cooking Sauces & Marinades,N/A,N/A,321,https://i5.walmartimages.com/seo/Iron-Chef-General-Tso-s-Sauce-Glaze-15-0-OZ_76e95f5b-272f-4860-bd7f-6365b3b526fa_1.22aa4aa3fbf11f77b00e597dbc7e8304.jpeg,,N/A,https://www.walmart.com/ip/10543960,3.62,https://www.amazon.com/dp/B0048IH1OI,https://www.amazon.com/s?k=Iron%20Chef%20General%20Tso's%20Sauce%20%26%20Glaze%2C%2015.0%20OZ,https://www.ebay.com/sch/i.html?_nkw=Iron%20Chef%20General%20Tso's%20Sauce%20%26%20Glaze%2C%2015.0%20OZ,https://www.google.com/search?q=Iron%20Chef%20General%20Tso's%20Sauce%20%26%20Glaze%2C%2015.0%20OZ,https://seller.walmart.com/catalog/add-items?search=10543960,N/A,no,no,no,2,0,2,10010,Online Grocery Outlet,mfn,$17.03,9998,$17.03,$17.95,17.03,3.62,0.34,1.99 %,9.36 %,16.55,3.17,1,$35.71,N/A,$13.07,$7.75,0,$2.55,15.00%,$0.16,1,$2.61,$0.30 /lb,$2.61,$0.00,$0.00,$0.00,$0.00,0,$0.00,4.1,17,"The listing has 2 variations,Pulling package information from B0048IH1OI via amazon.com,3 or less sellers","8.58, 7.80, 5.39 in, 8.70 lbs",8.58,7.80,5.39,8.70,N/A,Computer
"06/12/2025, 04:10 AM PDT","06/12/2025, 07:10 AM EDT","06/12/2025, 06:10 AM CDT","06/12/2025, 04:10 AM PDT","JASON Soothing Aloe Vera Deodorant, 2.5 Ounce Stick",26969110,78522090250,N/A,N/A,JASON,Health & Personal Care,Deodorants & Antiperspirants,N/A,N/A,J09025,https://i5.walmartimages.com/seo/JASON-Soothing-Aloe-Vera-Deodorant-2-5-Ounce-Stick_f01efd4e-066b-46f0-8639-9c994889e031.1791fd3739472504f4787b778242c530.jpeg,,N/A,https://www.walmart.com/ip/26969110,5.79,https://www.amazon.com/dp/B015MRH7NI,https://www.amazon.com/s?k=JASON%20Soothing%20Aloe%20Vera%20Deodorant%2C%202.5%20Ounce%20Stick,https://www.ebay.com/sch/i.html?_nkw=JASON%20Soothing%20Aloe%20Vera%20Deodorant%2C%202.5%20Ounce%20Stick,https://www.google.com/search?q=JASON%20Soothing%20Aloe%20Vera%20Deodorant%2C%202.5%20Ounce%20Stick,https://seller.walmart.com/catalog/add-items?search=26969110,N/A,no,no,no,10,1,9,467,Direct Source Shop,wfs,$10.99,156,$10.98,$36.68,10.99,5.79,0.04,0.40 %,0.76 %,10.85,4.67,1,$12.95,N/A,$5.16,$3.45,0,$1.65,15.00%,$0.01,1,$0.05,$0.30 /lb,$0.05,$0.00,$0.00,$0.00,$0.00,0,$0.00,3.8,102,N/A,"5.16, 1.00, 4.16 in, 0.16 lbs",5.16,1.00,4.16,0.16,N/A,Computer
"06/12/2025, 04:22 AM PDT","06/12/2025, 07:22 AM EDT","06/12/2025, 06:22 AM CDT","06/12/2025, 04:22 AM PDT","JASON Smoothing Sea Kelp Shampoo, 16 fl. oz.",26965666,78522050056,N/A,N/A,JASON,Beauty,Shampoos,N/A,N/A,J05005,https://i5.walmartimages.com/seo/JASON-Smoothing-Sea-Kelp-Shampoo-16-fl-oz_a4e28d7c-2b7f-45e5-8f83-0c0a9ff21328.1fe2cf3d66a252d0d8f6f686efae72eb.jpeg,,N/A,https://www.walmart.com/ip/26965666,8.36,https://www.amazon.com/dp/B002LML3J2,https://www.amazon.com/s?k=JASON%20Smoothing%20Sea%20Kelp%20Shampoo%2C%2016%20fl.%20oz.,https://www.ebay.com/sch/i.html?_nkw=JASON%20Smoothing%20Sea%20Kelp%20Shampoo%2C%2016%20fl.%20oz.,https://www.google.com/search?q=JASON%20Smoothing%20Sea%20Kelp%20Shampoo%2C%2016%20fl.%20oz.,https://seller.walmart.com/catalog/add-items?search=26965666,"Reviewers highlighted: oily, ease of use, ingredients",no,no,no,1,0,1,171,Deals Trader,mfn,$18.99,171,$18.99,$18.99,18.99,8.36,0.81,4.28 %,9.72 %,17.95,7.34,1,OOS,N/A,$9.82,$5.75,0,$2.85,15.00%,$0.15,1,$1.06,$0.30 /lb,$1.06,$0.00,$0.00,$0.00,$0.00,0,$0.00,4.5,275,"Pulling package information from B002LML3J2 via amazon.com,3 or less sellers","15.71, 8.70, 2.60 in, 3.55 lbs",15.71,8.70,2.60,3.55,N/A,Computer
"06/12/2025, 04:26 AM PDT","06/12/2025, 07:26 AM EDT","06/12/2025, 06:26 AM CDT","06/12/2025, 04:26 AM PDT",Jason Tea Tree Deodorant Stick 2.5 oz,26969127,78522090458,N/A,N/A,JASON,Health & Personal Care,Deodorants & Antiperspirants,N/A,N/A,78522090458,https://i5.walmartimages.com/seo/Jason-Tea-Tree-Deodorant-Stick-2-5-oz_ee28068d-8f7f-4354-b496-c8ae44604149.aa1dc466de3740814affd5c5ef1f0497.jpeg,,N/A,https://www.walmart.com/ip/26969127,5.79,https://www.amazon.com/dp/B002LMK3DY,https://www.amazon.com/s?k=Jason%20Tea%20Tree%20Deodorant%20Stick%202.5%20oz,https://www.ebay.com/sch/i.html?_nkw=Jason%20Tea%20Tree%20Deodorant%20Stick%202.5%20oz,https://www.google.com/search?q=Jason%20Tea%20Tree%20Deodorant%20Stick%202.5%20oz,https://seller.walmart.com/catalog/add-items?search=26969127,N/A,no,no,no,5,0,5,1166,VitaminLife,mfn,$11.33,2,$11.33,$24.99,11.33,5.79,0.31,2.70 %,5.28 %,10.90,4.88,1,$26.41,N/A,$5.23,$3.45,0,$1.70,15.00%,$0.01,1,$0.08,$0.30 /lb,$0.08,$0.00,$0.00,$0.00,$0.00,0,$0.00,3.6,237,N/A,"5.19, 2.24, 1.29 in, 0.26 lbs",5.19,2.24,1.29,0.26,N/A,Computer
"06/12/2025, 04:54 AM PDT","06/12/2025, 07:54 AM EDT","06/12/2025, 06:54 AM CDT","06/12/2025, 04:54 AM PDT","Jelly Belly 49 Assorted Jelly Bean Flavors - 10 lbs bulk - Genuine, Official, Straight from the Source",115109076,71567527774,"160 oz, Single",19,Jelly Belly,Grocery,Jelly Beans,N/A,N/A,071567527774,https://i5.walmartimages.com/seo/Jelly-Belly-49-Assorted-Jelly-Bean-Flavors-10-lbs-bulk-Genuine-Official-Straight-from-the-Source_b7bf7b19-4e70-4cd8-8b4e-9c0ba323580a.7f1df8caf325f47ff77416c9cec33788.jpeg,,N/A,https://www.walmart.com/ip/115109076,60.1,https://www.amazon.com/dp/B000IKCOKQ,https://www.amazon.com/s?k=Jelly%20Belly%2049%20Assorted%20Jelly%20Bean%20Flavors%20-%2010%20lbs%20bulk%20-%20Genuine%2C%20Official%2C%20Straight%20from%20the%20Source,https://www.ebay.com/sch/i.html?_nkw=Jelly%20Belly%2049%20Assorted%20Jelly%20Bean%20Flavors%20-%2010%20lbs%20bulk%20-%20Genuine%2C%20Official%2C%20Straight%20from%20the%20Source,https://www.google.com/search?q=Jelly%20Belly%2049%20Assorted%20Jelly%20Bean%20Flavors%20-%2010%20lbs%20bulk%20-%20Genuine%2C%20Official%2C%20Straight%20from%20the%20Source,https://seller.walmart.com/catalog/add-items?search=115109076,N/A,no,no,no,1,0,1,4,Mercantile Madre Corp,mfn,$92.99,4,$92.99,$92.99,92.99,60.1,7.11,7.64 %,11.83 %,84.55,53.77,1,$78.00,N/A,$25.78,$8.55,0,$13.95,15.00%,$0.16,1,$3.12,$0.30 /lb,$3.12,$0.00,$0.00,$0.00,$0.00,0,$0.00,3.8,100,"The listing has 19 variations,Pulling package information from B000IKCOKQ via amazon.com,3 or less sellers","10.39, 6.30, 5.79 in, 10.40 lbs",10.39,6.30,5.79,10.40,N/A,Computer
"06/13/2025, 12:04 AM PDT","06/13/2025, 03:04 AM EDT","06/13/2025, 02:04 AM CDT","06/13/2025, 12:04 AM PDT",Jelly Belly Krispy Kreme Donuts Jelly Beans Bag 2.8oz,958387074,71570005771,N/A,N/A,Jelly Belly,Grocery,Jelly Beans,N/A,N/A,JE572285,https://i5.walmartimages.com/seo/Jelly-Belly-Krispy-Kreme-Donuts-Jelly-Beans-Bag-2-8oz_a749d800-1b19-4e73-bd56-99d0afee7b5c.5229071d1e0ee1eaff7437dcfe9679ba.jpeg,,N/A,https://www.walmart.com/ip/958387074,2.03,https://www.amazon.com/dp/B07KVMCJCG,https://www.amazon.com/s?k=Jelly%20Belly%20Krispy%20Kreme%20Donuts%20Jelly%20Beans%20Bag%202.8oz,https://www.ebay.com/sch/i.html?_nkw=Jelly%20Belly%20Krispy%20Kreme%20Donuts%20Jelly%20Beans%20Bag%202.8oz,https://www.google.com/search?q=Jelly%20Belly%20Krispy%20Kreme%20Donuts%20Jelly%20Beans%20Bag%202.8oz,https://seller.walmart.com/catalog/add-items?search=958387074,N/A,no,no,no,4,2,2,39,A Blend Above,wfs,$8.99,9,$7.99,$10.00,8.99,2.03,1.75,19.51 %,86.42 %,7.00,3.03,1,$34.01,N/A,$5.21,$3.45,0,$0.72,8.00%,$0.01,1,$1.03,$0.30 /lb,$0.03,$0.00,$0.00,$0.00,$0.00,0,$0.00,5,2,"Pulling package information from B07KVMCJCG via amazon.com,User edited dimensions/weight","5.00, 4.02, 0.75 in, 0.10 lbs",5.00,4.02,0.75,0.10,N/A,Computer
"06/13/2025, 03:54 AM PDT","06/13/2025, 06:54 AM EDT","06/13/2025, 05:54 AM CDT","06/13/2025, 03:54 AM PDT","Jolly Rancher Chews Assorted Fruit Flavored Candy, Box 2.06 oz",162047871,10700519528,Single,2,Jolly Rancher,Grocery,Fruit Flavored Candy,N/A,N/A,0907054,https://i5.walmartimages.com/seo/Jolly-Rancher-Chews-Assorted-Fruit-Flavored-Candy-Box-2-06-oz_fe4306d9-0673-4782-8e9b-a62980a8a379.60567e2583532083d762d4f48a8476e5.jpeg,,N/A,https://www.walmart.com/ip/162047871,1.26,https://www.amazon.com/dp/B00KPV8HIG,https://www.amazon.com/s?k=Jolly%20Rancher%20Chews%20Assorted%20Fruit%20Flavored%20Candy%2C%20Box%202.06%20oz,https://www.ebay.com/sch/i.html?_nkw=Jolly%20Rancher%20Chews%20Assorted%20Fruit%20Flavored%20Candy%2C%20Box%202.06%20oz,https://www.google.com/search?q=Jolly%20Rancher%20Chews%20Assorted%20Fruit%20Flavored%20Candy%2C%20Box%202.06%20oz,https://seller.walmart.com/catalog/add-items?search=162047871,N/A,no,no,no,4,0,4,1393,Moe Trading & Supply,mfn,$6.92,16,$6.92,$8.83,6.92,1.26,0.61,8.78 %,48.20 %,6.20,1.49,1,OOS,N/A,$5.05,$3.45,0,$0.55,8.00%,$0.00,1,$1.04,$0.30 /lb,$0.04,$0.00,$0.00,$0.00,$0.00,0,$0.00,4.3,52,The listing has 2 variations,"1.16, 2.27, 3.52 in, 0.15 lbs",1.16,2.27,3.52,0.15,N/A,Computer
"06/13/2025, 03:58 AM PDT","06/13/2025, 06:58 AM EDT","06/13/2025, 05:58 AM CDT","06/13/2025, 03:58 AM PDT",JOLLY RANCHER SOUR LEMON STAND GUMMIES MIXED FRUIT PEG BAG,1403597992,10700859129,6,1,Jolly Rancher,Grocery,Gummy Candy,N/A,N/A,N/A,https://i5.walmartimages.com/seo/JOLLY-RANCHER-SOUR-LEMON-STAND-GUMMIES-MIXED-FRUIT-PEG-BAG_8eb45519-0ab9-4a60-9a40-b2f4f0f5aaf3.454e98818007819214349021456b50ff.jpeg,,N/A,https://www.walmart.com/ip/1403597992,2.98,https://www.amazon.com/dp/B0BWT1YGQN,https://www.amazon.com/s?k=JOLLY%20RANCHER%20SOUR%20LEMON%20STAND%20GUMMIES%20MIXED%20FRUIT%20PEG%20BAG,https://www.ebay.com/sch/i.html?_nkw=JOLLY%20RANCHER%20SOUR%20LEMON%20STAND%20GUMMIES%20MIXED%20FRUIT%20PEG%20BAG,https://www.google.com/search?q=JOLLY%20RANCHER%20SOUR%20LEMON%20STAND%20GUMMIES%20MIXED%20FRUIT%20PEG%20BAG,https://seller.walmart.com/catalog/add-items?search=1403597992,N/A,yes,no,no,1,0,1,7,Candy Retailer,mfn,$15.05,7,$15.05,$15.05,15.05,2.98,6.21,41.28 %,208.49 %,8.15,7.35,1,$7.47,N/A,$5.86,$3.45,0,$2.26,15.00%,$0.02,1,$0.13,$0.30 /lb,$0.13,$0.00,$0.00,$0.00,$0.00,0,$0.00,4.6,62,"Pulling package information from B0BWT1YGQN via amazon.com,3 or less sellers","7.17, 5.35, 1.42 in, 0.42 lbs",7.17,5.35,1.42,0.42,N/A,Computer
"06/13/2025, 04:19 AM PDT","06/13/2025, 07:19 AM EDT","06/13/2025, 06:19 AM CDT","06/13/2025, 04:19 AM PDT",Joyva Chocolate Covered Jell Rings Rasp 9oz,33989649,41795000738,N/A,N/A,Joyva,Grocery,Chocolate Covered Snacks,N/A,N/A,SPK-400531,https://i5.walmartimages.com/seo/Joyva-Chocolate-Covered-Ring-Jells-9-Oz_4a2278c9-28f7-416c-b92c-2fd6af2e71c0.072dd54813236376e7df602721e9077c.jpeg,,N/A,https://www.walmart.com/ip/33989649,7.42,https://www.amazon.com/dp/B003BRBKX3,https://www.amazon.com/s?k=Joyva%20Chocolate%20Covered%20Jell%20Rings%20Rasp%209oz,https://www.ebay.com/sch/i.html?_nkw=Joyva%20Chocolate%20Covered%20Jell%20Rings%20Rasp%209oz,https://www.google.com/search?q=Joyva%20Chocolate%20Covered%20Jell%20Rings%20Rasp%209oz,https://seller.walmart.com/catalog/add-items?search=33989649,N/A,no,yes,no,2,0,2,20,theLowex,mfn,$15.95,14,$15.95,$26.99,15.95,7.42,2.47,15.51 %,33.33 %,11.95,7.91,1,$14.91,N/A,$6.06,$3.45,0,$2.39,15.00%,$0.03,1,$0.19,$0.30 /lb,$0.19,$0.00,$0.00,$0.00,$0.00,0,$0.00,3.7,3,"Pulling package information from B003BRBKX3 via amazon.com,3 or less sellers","11.18, 5.91, 0.98 in, 0.62 lbs",11.18,5.91,0.98,0.62,N/A,Computer
"06/13/2025, 04:20 AM PDT","06/13/2025, 07:20 AM EDT","06/13/2025, 06:20 AM CDT","06/13/2025, 04:20 AM PDT","Joyva Tahini Creamy Puree Sesame Seeds, 15 oz",10313407,41795000981,N/A,N/A,Joyva,Grocery,Tahini,N/A,N/A,0004179500098,https://i5.walmartimages.com/seo/Joyva-Tahini-Creamy-Puree-Sesame-Seeds-15-oz_7e3aeaf1-7c36-4a39-a604-1e2d5214564d.cdb4af7277e1cd48ba88bd0ff8d3e31e.jpeg,,N/A,https://www.walmart.com/ip/10313407,7.36,https://www.amazon.com/dp/B0002F46BC,https://www.amazon.com/s?k=Joyva%20Tahini%20Creamy%20Puree%20Sesame%20Seeds%2C%2015%20oz,https://www.ebay.com/sch/i.html?_nkw=Joyva%20Tahini%20Creamy%20Puree%20Sesame%20Seeds%2C%2015%20oz,https://www.google.com/search?q=Joyva%20Tahini%20Creamy%20Puree%20Sesame%20Seeds%2C%2015%20oz,https://seller.walmart.com/catalog/add-items?search=10313407,N/A,no,no,no,4,3,1,47,VL Store,wfs,$15.35,12,$15.35,$21.95,15.35,7.36,0.35,2.29 %,4.78 %,13.70,6.17,1,$10.99,N/A,$7.64,$4.95,0,$2.30,15.00%,$0.02,1,$0.37,$0.30 /lb,$0.37,$0.00,$0.00,$0.00,$0.00,0,$0.00,4,34,N/A,"3.10, 3.10, 4.05 in, 1.23 lbs",3.10,3.10,4.05,1.23,N/A,Computer
"06/13/2025, 04:29 AM PDT","06/13/2025, 07:29 AM EDT","06/13/2025, 06:29 AM CDT","06/13/2025, 04:29 AM PDT","Simply Organic, Seasoning Garlic Salt Bottle, 4.7 OZ",15136913,749880110231,N/A,N/A,Jules Destrooper,Grocery,Cookies,N/A,N/A,JSD11023,https://i5.walmartimages.com/seo/Simply-Organic-Seasoning-Garlic-Salt-Bottle-4-7-OZ_3a1e0900-c6d0-4987-9439-56c521fc3449.2ec917c1d00a735c5a2578651ef7202a.jpeg,,N/A,https://www.walmart.com/ip/15136913,3.59,https://www.amazon.com/dp/B01C5OMGAA,https://www.amazon.com/s?k=Simply%20Organic%2C%20Seasoning%20Garlic%20Salt%20Bottle%2C%204.7%20OZ,https://www.ebay.com/sch/i.html?_nkw=Simply%20Organic%2C%20Seasoning%20Garlic%20Salt%20Bottle%2C%204.7%20OZ,https://www.google.com/search?q=Simply%20Organic%2C%20Seasoning%20Garlic%20Salt%20Bottle%2C%204.7%20OZ,https://seller.walmart.com/catalog/add-items?search=15136913,N/A,no,yes,no,2,0,2,154,iHerb,mfn,$9.82,91,$9.82,$9.99,9.82,3.59,0.89,9.05 %,24.76 %,8.75,3.58,1,$5.38,N/A,$5.34,$3.45,0,$0.79,8.00%,$0.02,1,$1.09,$0.30 /lb,$0.09,$0.00,$0.00,$0.00,$0.00,0,$0.00,4.6,61,"Pulling package information from B01C5OMGAA via amazon.com,3 or less sellers","9.17, 3.78, 1.22 in, 0.29 lbs",9.17,3.78,1.22,0.29,N/A,Computer
"06/13/2025, 04:30 AM PDT","06/13/2025, 07:30 AM EDT","06/13/2025, 06:30 AM CDT","06/13/2025, 04:30 AM PDT","Jules Destrooper Biscuiterier Baked Cookies with Butter Flavor, 3.53 oz, Shelf Stable",10423068,749880110798,N/A,N/A,Jules Destrooper,Grocery,Cookies,N/A,N/A,71415,https://i5.walmartimages.com/seo/Biscuiterie-Jules-Destrooper-Jules-Destrooper-Butter-Crisps-3-53-oz_fc0c21b4-0379-4f3d-a058-bbec640514bd.f6f49260edd1ea42a71eb6c7e95433e0.png,,N/A,https://www.walmart.com/ip/10423068,3.59,https://www.amazon.com/dp/B000SRHLEI,https://www.amazon.com/s?k=Jules%20Destrooper%20Biscuiterier%20Baked%20Cookies%20with%20Butter%20Flavor%2C%203.53%20oz%2C%20Shelf%20Stable,https://www.ebay.com/sch/i.html?_nkw=Jules%20Destrooper%20Biscuiterier%20Baked%20Cookies%20with%20Butter%20Flavor%2C%203.53%20oz%2C%20Shelf%20Stable,https://www.google.com/search?q=Jules%20Destrooper%20Biscuiterier%20Baked%20Cookies%20with%20Butter%20Flavor%2C%203.53%20oz%2C%20Shelf%20Stable,https://seller.walmart.com/catalog/add-items?search=10423068,N/A,yes,no,no,4,1,3,123,OTCRx4U,wfs,$9.81,7,$9.81,$11.89,9.81,3.59,0.89,9.05 %,24.72 %,8.75,3.58,1,$6.54,200+ units sold this month on Amazon,$5.33,$3.45,0,$0.78,8.00%,$0.02,1,$1.08,$0.30 /lb,$0.08,$0.00,$0.00,$0.00,$0.00,0,$0.00,4.7,98,Pulling package information from B000SRHLEI via amazon.com,"9.80, 3.82, 1.22 in, 0.26 lbs",9.80,3.82,1.22,0.26,N/A,Computer
"06/13/2025, 04:34 AM PDT","06/13/2025, 07:34 AM EDT","06/13/2025, 06:34 AM CDT","06/13/2025, 04:34 AM PDT","Julian Bakery Pro Granola Clusters, Chocolate , 9 oz (255 g)",3942649735,813926006847,N/A,N/A,Julian Bakery,Grocery,Granola,N/A,N/A,N/A,https://i5.walmartimages.com/seo/Julian-Bakery-Pro-Granola-Chocolate-Cluster-9-oz-255-g_6bf9eb8a-8aa7-482f-916b-5ec3567d7914.ec15217441a1f761438e8229dd1f8997.jpeg,,N/A,https://www.walmart.com/ip/3942649735,7.19,https://www.amazon.com/dp/B0D16CCX45,https://www.amazon.com/s?k=Julian%20Bakery%20Pro%20Granola%20Clusters%2C%20Chocolate%20%2C%209%20oz%20(255%20g),https://www.ebay.com/sch/i.html?_nkw=Julian%20Bakery%20Pro%20Granola%20Clusters%2C%20Chocolate%20%2C%209%20oz%20(255%20g),https://www.google.com/search?q=Julian%20Bakery%20Pro%20Granola%20Clusters%2C%20Chocolate%20%2C%209%20oz%20(255%20g),https://seller.walmart.com/catalog/add-items?search=3942649735,N/A,yes,yes,no,1,0,1,94,iHerb,mfn,$16.48,94,$16.48,$16.48,16.48,7.19,3.11,18.86 %,43.23 %,11.75,8.24,1,$11.49,N/A,$6.18,$3.45,0,$2.47,15.00%,$0.08,1,$0.18,$0.30 /lb,$0.18,$0.00,$0.00,$0.00,$0.00,0,$0.00,4.5,358,"Pulling package information from B0D16CCX45 via amazon.com,3 or less sellers","10.43, 6.89, 2.56 in, 0.60 lbs",10.43,6.89,2.56,0.60,N/A,Computer
"06/13/2025, 04:35 AM PDT","06/13/2025, 07:35 AM EDT","06/13/2025, 06:35 AM CDT","06/13/2025, 04:35 AM PDT","Julian Bakery ProGranola Clusters, Peanut Butter , 9 oz (255 g)",3365044055,813926006922,N/A,N/A,Julian Bakery,Grocery,Granola,N/A,N/A,N/A,https://i5.walmartimages.com/seo/Julian-Bakery-ProGranola-Peanut-Butter-Cluster-9-oz-255-g_3b903424-c096-4640-9248-836c07e7be9d.73f78a7eda815ccdee8a3af72d3521d3.jpeg,,N/A,https://www.walmart.com/ip/3365044055,7.19,https://www.amazon.com/dp/B0D16DLD6H,https://www.amazon.com/s?k=Julian%20Bakery%20ProGranola%20Clusters%2C%20Peanut%20Butter%20%2C%209%20oz%20(255%20g),https://www.ebay.com/sch/i.html?_nkw=Julian%20Bakery%20ProGranola%20Clusters%2C%20Peanut%20Butter%20%2C%209%20oz%20(255%20g),https://www.google.com/search?q=Julian%20Bakery%20ProGranola%20Clusters%2C%20Peanut%20Butter%20%2C%209%20oz%20(255%20g),https://seller.walmart.com/catalog/add-items?search=3365044055,N/A,yes,no,no,1,0,1,46,iHerb,mfn,$16.48,46,$16.48,$16.48,16.48,7.19,3.11,18.86 %,43.23 %,11.75,8.24,1,$9.99,N/A,$6.18,$3.45,0,$2.47,15.00%,$0.08,1,$0.18,$0.30 /lb,$0.18,$0.00,$0.00,$0.00,$0.00,0,$0.00,4.6,1366,"Pulling package information from B0D16DLD6H via amazon.com,3 or less sellers","10.43, 6.89, 2.56 in, 0.60 lbs",10.43,6.89,2.56,0.60,N/A,Computer
"06/13/2025, 04:36 AM PDT","06/13/2025, 07:36 AM EDT","06/13/2025, 06:36 AM CDT","06/13/2025, 04:36 AM PDT","Julian Bakery ProGranola® Clusters, Vanilla Cinnamon, 9 oz (255 g)",1824524823,813926006885,N/A,N/A,Julian Bakery,Grocery,Granola,N/A,N/A,N/A,https://i5.walmartimages.com/seo/Julian-Bakery-ProGranola-Vanilla-Cinnamon-Cluster-9-oz-255-g_1ab0ed94-a7a0-412b-a791-d25fabfc9ce7.2ff595844182fbf12eb8b13b746c0af5.jpeg,,N/A,https://www.walmart.com/ip/1824524823,7.19,https://www.amazon.com/dp/B0D164SGPB,https://www.amazon.com/s?k=Julian%20Bakery%20ProGranola%C2%AE%20Clusters%2C%20Vanilla%20Cinnamon%2C%209%20oz%20(255%20g),https://www.ebay.com/sch/i.html?_nkw=Julian%20Bakery%20ProGranola%C2%AE%20Clusters%2C%20Vanilla%20Cinnamon%2C%209%20oz%20(255%20g),https://www.google.com/search?q=Julian%20Bakery%20ProGranola%C2%AE%20Clusters%2C%20Vanilla%20Cinnamon%2C%209%20oz%20(255%20g),https://seller.walmart.com/catalog/add-items?search=1824524823,N/A,no,yes,no,2,0,2,73,iHerb,mfn,$16.48,67,$16.48,$27.97,16.48,7.19,3.11,18.86 %,43.23 %,11.75,8.24,1,$11.49,N/A,$6.18,$3.45,0,$2.47,15.00%,$0.08,1,$0.18,$0.30 /lb,$0.18,$0.00,$0.00,$0.00,$0.00,0,$0.00,4.3,1785,"Pulling package information from B0D164SGPB via amazon.com,3 or less sellers","10.43, 6.89, 2.56 in, 0.60 lbs",10.43,6.89,2.56,0.60,N/A,Computer
"06/13/2025, 04:37 AM PDT","06/13/2025, 07:37 AM EDT","06/13/2025, 06:37 AM CDT","06/13/2025, 04:37 AM PDT","Julian Bakery ProGranola Clusters, Vegan Vanilla, 9 oz (255 g)",3117447787,813926006823,N/A,N/A,Julian Bakery,Grocery,Granola,N/A,N/A,N/A,https://i5.walmartimages.com/seo/Julian-Bakery-ProGranola-Vegan-Vanilla-Cluster-9-oz-255-g_de080902-f43a-4c64-83b7-8600effe7c07.a4a3874cfd5e8f00e6c8adff4934f561.jpeg,,N/A,https://www.walmart.com/ip/3117447787,7.19,N/A,https://www.amazon.com/s?k=Julian%20Bakery%20ProGranola%20Clusters%2C%20Vegan%20Vanilla%2C%209%20oz%20(255%20g),https://www.ebay.com/sch/i.html?_nkw=Julian%20Bakery%20ProGranola%20Clusters%2C%20Vegan%20Vanilla%2C%209%20oz%20(255%20g),https://www.google.com/search?q=Julian%20Bakery%20ProGranola%20Clusters%2C%20Vegan%20Vanilla%2C%209%20oz%20(255%20g),https://seller.walmart.com/catalog/add-items?search=3117447787,N/A,no,no,no,2,0,2,43,iHerb,mfn,$15.90,37,$15.90,$26.97,15.9,7.19,2.62,16.45 %,36.37 %,11.75,7.84,1,NA,N/A,$6.09,$3.45,0,$2.38,15.00%,$0.08,1,$0.18,$0.30 /lb,$0.18,$0.00,$0.00,$0.00,$0.00,0,$0.00,4,628,"For better accuracy, we’ve used dimensions from B0D16DLD6H to provide more precise estimates,3 or less sellers","10.43, 6.89, 2.56 in, 0.60 lbs",10.43,6.89,2.56,0.60,N/A,Computer
"06/13/2025, 11:49 PM PDT","06/14/2025, 02:49 AM EDT","06/14/2025, 01:49 AM CDT","06/13/2025, 11:49 PM PDT","Justin's No Stir, Gluten-Free Chocolate Hazelnut Almond Butter, 16 oz Jar",23569892,894455000490,N/A,N/A,Justin's,Grocery,Nut Butters & Spreads,N/A,N/A,102686,https://i5.walmartimages.com/seo/Justin-s-No-Stir-Gluten-Free-Chocolate-Hazelnut-Almond-Butter-16-oz-Jar_9ed8191c-773c-4d36-9886-f2926edd9cef.10a233f52bd8f7f6f1f14e8e04f6907f.jpeg,,N/A,https://www.walmart.com/ip/23569892,8.39,https://www.amazon.com/dp/B07GSVW5DV,https://www.amazon.com/s?k=Justin's%20No%20Stir%2C%20Gluten-Free%20Chocolate%20Hazelnut%20Almond%20Butter%2C%2016%20oz%20Jar,https://www.ebay.com/sch/i.html?_nkw=Justin's%20No%20Stir%2C%20Gluten-Free%20Chocolate%20Hazelnut%20Almond%20Butter%2C%2016%20oz%20Jar,https://www.google.com/search?q=Justin's%20No%20Stir%2C%20Gluten-Free%20Chocolate%20Hazelnut%20Almond%20Butter%2C%2016%20oz%20Jar,https://seller.walmart.com/catalog/add-items?search=23569892,N/A,yes,no,no,2,0,2,103,CLICK HUNTER CORP,mfn,$17.69,100,$17.69,$17.70,17.69,8.39,1.35,7.62 %,16.08 %,14.80,7.79,1,OOS,N/A,$7.95,$4.95,0,$2.65,15.00%,$0.02,1,$0.33,$0.30 /lb,$0.33,$0.00,$0.00,$0.00,$0.00,0,$0.00,4.4,126,"For better accuracy, we’ve used dimensions from B00555H0LC to provide more precise estimates,3 or less sellers","4.88, 2.91, 2.87 in, 1.10 lbs",4.88,2.91,2.87,1.10,N/A,Computer
"06/13/2025, 11:54 PM PDT","06/14/2025, 02:54 AM EDT","06/14/2025, 01:54 AM CDT","06/13/2025, 11:54 PM PDT","Justin'S Nut Butter Almond Butter Honey, 16 oz",34166830,894455000025,N/A,N/A,Justin's,Grocery,Nut Butters & Spreads,N/A,N/A,36862 BA,https://i5.walmartimages.com/seo/Justin-S-Nut-Butter-Almond-Butter-Honey-16-oz_7391be61-167a-4ccf-b00e-c200e94014cd.7f5ccfab241ba7f3785af36aec7fb9bf.jpeg,,N/A,https://www.walmart.com/ip/34166830,8.39,https://www.amazon.com/dp/B005GWTEH2,https://www.amazon.com/s?k=Justin'S%20Nut%20Butter%20Almond%20Butter%20Honey%2C%2016%20oz,https://www.ebay.com/sch/i.html?_nkw=Justin'S%20Nut%20Butter%20Almond%20Butter%20Honey%2C%2016%20oz,https://www.google.com/search?q=Justin'S%20Nut%20Butter%20Almond%20Butter%20Honey%2C%2016%20oz,https://seller.walmart.com/catalog/add-items?search=34166830,N/A,no,no,no,3,0,3,10062,Online Grocery Outlet,mfn,$22.03,9996,$22.03,$32.61,22.03,8.39,5.07,23.00 %,60.39 %,14.75,10.77,1,OOS,N/A,$8.57,$4.95,0,$3.30,15.00%,$0.02,1,$0.30,$0.30 /lb,$0.30,$0.00,$0.00,$0.00,$0.00,0,$0.00,4.6,130,"Pulling package information from B005GWTEH2 via amazon.com,3 or less sellers","4.88, 2.99, 2.99 in, 1.00 lbs",4.88,2.99,2.99,1.00,N/A,Computer
"06/13/2025, 11:57 PM PDT","06/14/2025, 02:57 AM EDT","06/14/2025, 01:57 AM CDT","06/13/2025, 11:57 PM PDT","JUSTIN'S No Stir, Gluten-Free Maple Almond Butter, 16 oz Jar",23569891,894455000322,N/A,N/A,Justin's,Grocery,Nut Butters & Spreads,N/A,N/A,894455000322,https://i5.walmartimages.com/seo/JUSTIN-S-No-Stir-Gluten-Free-Maple-Almond-Butter-16-oz-Jar_2eaa6855-be86-45b2-ba6f-9e68915b71da.24a9c43de68485f0b5ec8e3dc7be8684.png,,N/A,https://www.walmart.com/ip/23569891,8.39,https://www.amazon.com/dp/B01684GKGE,https://www.amazon.com/s?k=JUSTIN'S%20No%20Stir%2C%20Gluten-Free%20Maple%20Almond%20Butter%2C%2016%20oz%20Jar,https://www.ebay.com/sch/i.html?_nkw=JUSTIN'S%20No%20Stir%2C%20Gluten-Free%20Maple%20Almond%20Butter%2C%2016%20oz%20Jar,https://www.google.com/search?q=JUSTIN'S%20No%20Stir%2C%20Gluten-Free%20Maple%20Almond%20Butter%2C%2016%20oz%20Jar,https://seller.walmart.com/catalog/add-items?search=23569891,N/A,no,yes,no,2,1,1,1007,Super Delux Store,wfs,$20.20,9,$20.20,$21.25,20.2,8.39,3.47,17.16 %,41.31 %,14.80,9.48,1,$19.79,N/A,$8.34,$4.95,0,$3.03,15.00%,$0.02,1,$0.34,$0.30 /lb,$0.34,$0.00,$0.00,$0.00,$0.00,0,$0.00,4.3,163,"Pulling package information from B01684GKGE via amazon.com,3 or less sellers","5.00, 2.99, 2.91 in, 1.15 lbs",5.00,2.99,2.91,1.15,N/A,Computer
"06/14/2025, 12:00 AM PDT","06/14/2025, 03:00 AM EDT","06/14/2025, 02:00 AM CDT","06/14/2025, 12:00 AM PDT",JUSTINS CHOC CUP PNTBTTR WHITE Pack Of 12,47706649,855188003578,N/A,N/A,Justin's,Grocery,Chocolate Candy,N/A,N/A,BRAZ206,https://i5.walmartimages.com/seo/Justin-s-Nut-Butter-Organic-Peanut-Cups-White-Chocolate-1-4-oz_201a6aab-3299-4fe9-9bec-128fe1026b30.47def58cdcba6909614ed074dcee15d5.jpeg,,N/A,https://www.walmart.com/ip/47706649,27.12,https://www.amazon.com/dp/B01CU9VD90,https://www.amazon.com/s?k=JUSTINS%20CHOC%20CUP%20PNTBTTR%20WHITE%20Pack%20Of%2012,https://www.ebay.com/sch/i.html?_nkw=JUSTINS%20CHOC%20CUP%20PNTBTTR%20WHITE%20Pack%20Of%2012,https://www.google.com/search?q=JUSTINS%20CHOC%20CUP%20PNTBTTR%20WHITE%20Pack%20Of%2012,https://seller.walmart.com/catalog/add-items?search=47706649,N/A,no,no,no,1,0,1,705,Vegaste Technologies US Corp,mfn,$48.91,705,$48.91,$48.91,48.91,27.12,10.97,22.43 %,40.45 %,35.90,30.47,1,OOS,1k+ units sold this month on Amazon,$10.82,$3.45,0,$7.34,15.00%,$0.00,1,$0.03,$0.30 /lb,$0.03,$0.00,$0.00,$0.00,$0.00,0,$0.00,4.6,318,"Pulling package information from B01CU9VD90 via amazon.com,3 or less sellers","5.91, 2.68, 0.67 in, 0.10 lbs",5.91,2.68,0.67,0.10,N/A,Computer
"06/14/2025, 12:09 AM PDT","06/14/2025, 03:09 AM EDT","06/14/2025, 02:09 AM CDT","06/14/2025, 12:09 AM PDT","Ka'Me Rice Crunch Crackers Black Sesame And Soy Sauce, 3.5 Oz",33318606,70844001044,N/A,N/A,KA-ME,Grocery,Snack Crackers,PANOS BRANDS,N/A,10070844001041,https://i5.walmartimages.com/seo/Ka-Me-Rice-Crunch-Crackers-Black-Sesame-And-Soy-Sauce-3-5-Oz_8aacee15-deda-41bb-a131-3d59cf7e843f.cd2d1608ef2902c3fdab6d65393e721f.jpeg,,N/A,https://www.walmart.com/ip/33318606,2.55,https://www.amazon.com/dp/B005ZHOU4A,https://www.amazon.com/s?k=Ka'Me%20Rice%20Crunch%20Crackers%20Black%20Sesame%20And%20Soy%20Sauce%2C%203.5%20Oz,https://www.ebay.com/sch/i.html?_nkw=Ka'Me%20Rice%20Crunch%20Crackers%20Black%20Sesame%20And%20Soy%20Sauce%2C%203.5%20Oz,https://www.google.com/search?q=Ka'Me%20Rice%20Crunch%20Crackers%20Black%20Sesame%20And%20Soy%20Sauce%2C%203.5%20Oz,https://seller.walmart.com/catalog/add-items?search=33318606,N/A,no,no,no,1,0,1,84,iHerb,mfn,$8.64,84,$8.64,$8.64,8.64,2.55,0.76,8.83 %,29.91 %,7.75,2.65,1,OOS,N/A,$5.33,$3.45,0,$0.69,8.00%,$0.10,1,$1.09,$0.30 /lb,$0.09,$0.00,$0.00,$0.00,$0.00,0,$0.00,4.6,40,"For better accuracy, we’ve used dimensions from B005HJIFKG to provide more precise estimates,3 or less sellers","12.20, 9.69, 1.93 in, 0.29 lbs",12.20,9.69,1.93,0.29,N/A,Computer
"06/14/2025, 12:12 AM PDT","06/14/2025, 03:12 AM EDT","06/14/2025, 02:12 AM CDT","06/14/2025, 12:12 AM PDT","Ka-Me Oyster Sauce, 7.1 Fz",36289289,70844005127,N/A,N/A,KA-ME,Grocery,Cooking Sauces & Marinades,N/A,N/A,0997668,https://i5.walmartimages.com/seo/Ka-Me-Oyster-Sauce-7-1-Fz_872befa4-1358-40d3-9926-df97fba9b015_1.aca5af6af603db3d481b4deb8c6deb6d.jpeg,,N/A,https://www.walmart.com/ip/36289289,3.33,https://www.amazon.com/dp/B01N7BQLJ7,https://www.amazon.com/s?k=Ka-Me%20Oyster%20Sauce%2C%207.1%20Fz,https://www.ebay.com/sch/i.html?_nkw=Ka-Me%20Oyster%20Sauce%2C%207.1%20Fz,https://www.google.com/search?q=Ka-Me%20Oyster%20Sauce%2C%207.1%20Fz,https://seller.walmart.com/catalog/add-items?search=36289289,N/A,no,no,no,8,4,4,10483,Fletho,wfs,$7.49,450,$7.49,$14.95,10,3.33,5.74,57.38 %,172.31 %,4.75,7.25,1,$7.42,200+ units sold this month on Amazon,$0.93,$0.00,0,$0.80,8.00%,$0.00,1,$0.13,$0.30 /lb,$0.13,$0.00,$0.00,$0.00,$0.00,0,$0.00,4.5,6,"Pulling package information from B01N7BQLJ7 via amazon.com,User edited dimensions/weight","0.00, 0.00, 0.00 in, 0.44 lbs",0.00,0.00,0.00,0.44,N/A,Computer
"06/14/2025, 12:53 AM PDT","06/14/2025, 03:53 AM EDT","06/14/2025, 02:53 AM CDT","06/14/2025, 12:53 AM PDT","Kettle & Fire Organic Vegetable Cooking Broth, Shelf-Stable, 32 oz",849504507,850010613857,Single,2,Kettle & Fire,Grocery,"Bouillon, Broths & Stocks",N/A,N/A,N/A,https://i5.walmartimages.com/seo/Kettle-Fire-Organic-Vegetable-Cooking-Broth-Shelf-Stable-32-oz_663f970a-5e78-4c11-8386-736824de789b.dc21c91f05bc57751776c1a8340999bd.png,,N/A,https://www.walmart.com/ip/849504507,3.29,https://www.amazon.com/dp/B08R7F5J56,https://www.amazon.com/s?k=Kettle%20%26%20Fire%20Organic%20Vegetable%20Cooking%20Broth%2C%20Shelf-Stable%2C%2032%20oz,https://www.ebay.com/sch/i.html?_nkw=Kettle%20%26%20Fire%20Organic%20Vegetable%20Cooking%20Broth%2C%20Shelf-Stable%2C%2032%20oz,https://www.google.com/search?q=Kettle%20%26%20Fire%20Organic%20Vegetable%20Cooking%20Broth%2C%20Shelf-Stable%2C%2032%20oz,https://seller.walmart.com/catalog/add-items?search=849504507,N/A,no,no,no,5,0,5,25,WF Market,mfn,$11.60,10,$11.60,$21.17,11.6,3.29,1.28,11.02 %,38.87 %,10.15,3.66,1,$9.48,300+ units sold this month on Amazon,$7.03,$5.45,0,$0.93,8.00%,$0.03,1,$0.62,$0.30 /lb,$0.62,$0.00,$0.00,$0.00,$0.00,0,$0.00,4.7,125,The listing has 2 variations,"2.30, 3.50, 8.37 in, 2.08 lbs",2.30,3.50,8.37,2.08,N/A,Computer
"06/14/2025, 12:55 AM PDT","06/14/2025, 03:55 AM EDT","06/14/2025, 02:55 AM CDT","06/14/2025, 12:55 AM PDT","Kettle Brand Potato Chips, Air Fried Jalapeno Kettle Chips, 4.25 oz Bag",1212798841,84114901958,N/A,N/A,Kettle Brand,Grocery,Snack Chips,DISTRIBUTED BY KETTLE BRAND,N/A,0084114901958,https://i5.walmartimages.com/seo/Kettle-Brand-Potato-Chips-Air-Fried-Jalapeno-Kettle-Chips-4-25-oz-Bag_22faa102-a9d6-48df-979f-ed3957c5f7eb.2ac74f57960c396ae23f6b4e8a1cd061.jpeg,,N/A,https://www.walmart.com/ip/1212798841,2.45,https://www.amazon.com/dp/B096WM1QSJ,https://www.amazon.com/s?k=Kettle%20Brand%20Potato%20Chips%2C%20Air%20Fried%20Jalapeno%20Kettle%20Chips%2C%204.25%20oz%20Bag,https://www.ebay.com/sch/i.html?_nkw=Kettle%20Brand%20Potato%20Chips%2C%20Air%20Fried%20Jalapeno%20Kettle%20Chips%2C%204.25%20oz%20Bag,https://www.google.com/search?q=Kettle%20Brand%20Potato%20Chips%2C%20Air%20Fried%20Jalapeno%20Kettle%20Chips%2C%204.25%20oz%20Bag,https://seller.walmart.com/catalog/add-items?search=1212798841,N/A,no,yes,no,1,0,1,25,SANTARA,mfn,$10.57,25,$10.57,$10.57,10.57,2.45,3.64,34.40 %,148.39 %,7.60,4.87,1,$6.39,N/A,$4.48,$3.45,0,$0.85,8.00%,$0.10,1,$0.08,$0.30 /lb,$0.08,$0.00,$0.00,$0.00,$0.00,0,$0.00,4.6,395,"Pulling package information from B096WM1QSJ via amazon.com,3 or less sellers","11.26, 7.17, 2.99 in, 0.28 lbs",11.26,7.17,2.99,0.28,N/A,Computer
"06/14/2025, 12:57 AM PDT","06/14/2025, 03:57 AM EDT","06/14/2025, 02:57 AM CDT","06/14/2025, 12:57 AM PDT","Kettle Brand Potato Chips, Krinkle Cut, Truffle Oil and Sea Salt Kettle Chips, 5 oz",359707466,84114901705,N/A,N/A,Kettle Brand,Grocery,Snack Chips,DISTRIBUTED BY KETTLE BRAND,N/A,N/A,https://i5.walmartimages.com/seo/Kettle-Brand-Potato-Chips-Krinkle-Cut-Truffle-Oil-and-Sea-Salt-Kettle-Chips-5-oz_dc452bdc-0b2a-49e7-b363-2b58ba61286c.23c5a9b20c02eb61bf2ee6ab0622088e.jpeg,,N/A,https://www.walmart.com/ip/359707466,2.45,https://www.amazon.com/dp/B09BH4XPWN,https://www.amazon.com/s?k=Kettle%20Brand%20Potato%20Chips%2C%20Krinkle%20Cut%2C%20Truffle%20Oil%20and%20Sea%20Salt%20Kettle%20Chips%2C%205%20oz,https://www.ebay.com/sch/i.html?_nkw=Kettle%20Brand%20Potato%20Chips%2C%20Krinkle%20Cut%2C%20Truffle%20Oil%20and%20Sea%20Salt%20Kettle%20Chips%2C%205%20oz,https://www.google.com/search?q=Kettle%20Brand%20Potato%20Chips%2C%20Krinkle%20Cut%2C%20Truffle%20Oil%20and%20Sea%20Salt%20Kettle%20Chips%2C%205%20oz,https://seller.walmart.com/catalog/add-items?search=359707466,N/A,no,no,no,1,0,1,75,iHerb,mfn,$10.96,75,$10.96,$10.96,10.96,2.45,4.02,36.72 %,164.26 %,7.60,5.18,1,$3.59,100+ units sold this month on Amazon,$4.49,$3.45,0,$0.88,8.00%,$0.06,1,$0.10,$0.30 /lb,$0.10,$0.00,$0.00,$0.00,$0.00,0,$0.00,4.4,75,"Pulling package information from B09BH4XPWN via amazon.com,3 or less sellers","10.75, 6.14, 2.09 in, 0.33 lbs",10.75,6.14,2.09,0.33,N/A,Computer
"06/14/2025, 01:01 AM PDT","06/14/2025, 04:01 AM EDT","06/14/2025, 03:01 AM CDT","06/14/2025, 01:01 AM PDT","Kettle Brand Potato Chips, Farmstand Ranch Kettle Chips, 5 oz",120390405,84114901187,N/A,N/A,Kettle Brand,Grocery,Snack Chips,DISTRIBUTED FOR: KETTLE BRAND,N/A,353362,https://i5.walmartimages.com/seo/Kettle-Brand-Potato-Chips-Farmstand-Ranch-Kettle-Chips-5-oz_4f75de27-37e3-4fa1-9c89-a958f3f64d39.52ecf9ebc152be4b48201b98106f1598.jpeg,,N/A,https://www.walmart.com/ip/120390405,2.45,https://www.amazon.com/dp/B08149JWJV,https://www.amazon.com/s?k=Kettle%20Brand%20Potato%20Chips%2C%20Farmstand%20Ranch%20Kettle%20Chips%2C%205%20oz,https://www.ebay.com/sch/i.html?_nkw=Kettle%20Brand%20Potato%20Chips%2C%20Farmstand%20Ranch%20Kettle%20Chips%2C%205%20oz,https://www.google.com/search?q=Kettle%20Brand%20Potato%20Chips%2C%20Farmstand%20Ranch%20Kettle%20Chips%2C%205%20oz,https://seller.walmart.com/catalog/add-items?search=120390405,N/A,no,yes,no,1,0,1,8,iHerb,mfn,$10.96,8,$10.96,$10.96,10.96,2.45,4.01,36.63 %,163.84 %,7.60,5.17,1,$11.74,N/A,$4.50,$3.45,0,$0.88,8.00%,$0.08,1,$0.09,$0.30 /lb,$0.09,$0.00,$0.00,$0.00,$0.00,0,$0.00,4.4,40,"Pulling package information from B08149JWJV via amazon.com,3 or less sellers","9.49, 6.69, 2.76 in, 0.31 lbs",9.49,6.69,2.76,0.31,N/A,Computer
"06/14/2025, 01:02 AM PDT","06/14/2025, 04:02 AM EDT","06/14/2025, 03:02 AM CDT","06/14/2025, 01:02 AM PDT","Kettle Brand Potato Chips, Honey Dijon Kettle Chips, Snack Bag, 2 oz",125279959,84114033703,N/A,N/A,Kettle Brand,Grocery,Snack Chips,DISTRIBUTED FOR KETTLE BRAND,N/A,109483,https://i5.walmartimages.com/seo/Kettle-Brand-Potato-Chips-Honey-Dijon-Kettle-Chips-Snack-Bag-2-oz_3c08a43b-04af-4c5e-8024-fc2f8e4e771e.b761610fe0dd36f7fa6de4d546cad751.jpeg,,N/A,https://www.walmart.com/ip/125279959,1.17,https://www.amazon.com/dp/B00756RZQY,https://www.amazon.com/s?k=Kettle%20Brand%20Potato%20Chips%2C%20Honey%20Dijon%20Kettle%20Chips%2C%20Snack%20Bag%2C%202%20oz,https://www.ebay.com/sch/i.html?_nkw=Kettle%20Brand%20Potato%20Chips%2C%20Honey%20Dijon%20Kettle%20Chips%2C%20Snack%20Bag%2C%202%20oz,https://www.google.com/search?q=Kettle%20Brand%20Potato%20Chips%2C%20Honey%20Dijon%20Kettle%20Chips%2C%20Snack%20Bag%2C%202%20oz,https://seller.walmart.com/catalog/add-items?search=125279959,N/A,no,no,no,1,0,1,3,BlueSky Creations LLC,mfn,$9.86,3,$9.86,$9.86,9.86,1.17,3.06,31.03 %,261.48 %,6.45,3.38,1,$25.20,N/A,$5.63,$3.45,0,$0.79,8.00%,$0.19,1,$1.20,$0.30 /lb,$0.20,$0.00,$0.00,$0.00,$0.00,0,$0.00,4.7,255,"Pulling package information from B00756RZQY via amazon.com,3 or less sellers","10.75, 8.46, 4.76 in, 0.68 lbs",10.75,8.46,4.76,0.68,N/A,Computer
"06/14/2025, 01:05 AM PDT","06/14/2025, 04:05 AM EDT","06/14/2025, 03:05 AM CDT","06/14/2025, 01:05 AM PDT","Kettle Brand Potato Chips, Parmesan Garlic Kettle Chips, 5 oz",762311230,84114901200,N/A,N/A,Kettle Brand,Grocery,Snack Chips,DISTRIBUTED FOR: KETTLE BRAND,N/A,N/A,https://i5.walmartimages.com/seo/Kettle-Brand-Potato-Chips-Parmesan-Garlic-Kettle-Chips-5-oz_f8e8375f-8e94-4966-b590-b30324233384.70fa8398cd8e0f59cb61f1525160e14d.jpeg,,N/A,https://www.walmart.com/ip/762311230,2.45,https://www.amazon.com/dp/B08149Z9Y8,https://www.amazon.com/s?k=Kettle%20Brand%20Potato%20Chips%2C%20Parmesan%20Garlic%20Kettle%20Chips%2C%205%20oz,https://www.ebay.com/sch/i.html?_nkw=Kettle%20Brand%20Potato%20Chips%2C%20Parmesan%20Garlic%20Kettle%20Chips%2C%205%20oz,https://www.google.com/search?q=Kettle%20Brand%20Potato%20Chips%2C%20Parmesan%20Garlic%20Kettle%20Chips%2C%205%20oz,https://seller.walmart.com/catalog/add-items?search=762311230,N/A,no,no,no,1,0,1,24,iHerb,mfn,$10.96,24,$10.96,$10.96,10.96,2.45,4.02,36.69 %,164.14 %,7.60,5.18,1,$11.19,N/A,$4.49,$3.45,0,$0.88,8.00%,$0.06,1,$0.10,$0.30 /lb,$0.10,$0.00,$0.00,$0.00,$0.00,0,$0.00,4.5,77,"Pulling package information from B08149Z9Y8 via amazon.com,3 or less sellers","11.77, 6.65, 1.85 in, 0.33 lbs",11.77,6.65,1.85,0.33,N/A,Computer
"06/14/2025, 01:06 AM PDT","06/14/2025, 04:06 AM EDT","06/14/2025, 03:06 AM CDT","06/14/2025, 01:06 AM PDT","Kettle Brand Potato Chips, Salt & Vinegar Kettle Chips, 5 oz",10818716,84114009968,N/A,N/A,Kettle Brand,Grocery,Snack Chips,DISTRIBUTED BY KETTLE BRAND,N/A,413231,https://i5.walmartimages.com/seo/Kettle-Brand-Potato-Chips-Salt-Vinegar-Kettle-Chips-5-oz_092cca1e-bddd-4385-921e-efb593e87b15.22fde09e59235b9898be26110a658924.jpeg,,N/A,https://www.walmart.com/ip/10818716,2.45,https://www.amazon.com/dp/B07JGNGY4H,https://www.amazon.com/s?k=Kettle%20Brand%20Potato%20Chips%2C%20Salt%20%26%20Vinegar%20Kettle%20Chips%2C%205%20oz,https://www.ebay.com/sch/i.html?_nkw=Kettle%20Brand%20Potato%20Chips%2C%20Salt%20%26%20Vinegar%20Kettle%20Chips%2C%205%20oz,https://www.google.com/search?q=Kettle%20Brand%20Potato%20Chips%2C%20Salt%20%26%20Vinegar%20Kettle%20Chips%2C%205%20oz,https://seller.walmart.com/catalog/add-items?search=10818716,N/A,no,yes,no,1,0,1,164,iHerb,mfn,$10.96,164,$10.96,$10.96,10.96,2.45,4.01,36.58 %,163.62 %,7.60,5.17,1,$16.99,N/A,$4.50,$3.45,0,$0.88,8.00%,$0.07,1,$0.10,$0.30 /lb,$0.10,$0.00,$0.00,$0.00,$0.00,0,$0.00,4.6,2701,"Pulling package information from B07JGNGY4H via amazon.com,3 or less sellers","11.18, 6.50, 2.20 in, 0.35 lbs",11.18,6.50,2.20,0.35,N/A,Computer
"06/14/2025, 01:08 AM PDT","06/14/2025, 04:08 AM EDT","06/14/2025, 03:08 AM CDT","06/14/2025, 01:08 AM PDT","Kettle Brand Potato Chips, Krinkle Cut, Salt & Fresh Ground Pepper Kettle Chips, 5 oz",10818719,84114107077,N/A,N/A,Kettle Brand,Grocery,Snack Chips,Snyder's-Lance Inc,N/A,431171,https://i5.walmartimages.com/seo/Kettle-Brand-Potato-Chips-Krinkle-Cut-Salt-Fresh-Ground-Pepper-Kettle-Chips-5-oz_3803e018-d03d-4943-ab38-9840841304b9.4d00ff1e51bd736875ad3dbd97921dba.jpeg,,N/A,https://www.walmart.com/ip/10818719,2.45,https://www.amazon.com/dp/B000G6O2RK,https://www.amazon.com/s?k=Kettle%20Brand%20Potato%20Chips%2C%20Krinkle%20Cut%2C%20Salt%20%26%20Fresh%20Ground%20Pepper%20Kettle%20Chips%2C%205%20oz,https://www.ebay.com/sch/i.html?_nkw=Kettle%20Brand%20Potato%20Chips%2C%20Krinkle%20Cut%2C%20Salt%20%26%20Fresh%20Ground%20Pepper%20Kettle%20Chips%2C%205%20oz,https://www.google.com/search?q=Kettle%20Brand%20Potato%20Chips%2C%20Krinkle%20Cut%2C%20Salt%20%26%20Fresh%20Ground%20Pepper%20Kettle%20Chips%2C%205%20oz,https://seller.walmart.com/catalog/add-items?search=10818719,N/A,no,no,no,2,0,2,88,iHerb,mfn,$11.19,87,$11.19,$11.48,11.19,2.45,4.21,37.65 %,171.98 %,7.60,5.33,1,$68.30,N/A,$4.53,$3.45,0,$0.90,8.00%,$0.08,1,$0.10,$0.30 /lb,$0.10,$0.00,$0.00,$0.00,$0.00,0,$0.00,4.7,967,"For better accuracy, we’ve used dimensions from B000VK3Y3E to provide more precise estimates,3 or less sellers","11.38, 6.61, 2.52 in, 0.33 lbs",11.38,6.61,2.52,0.33,N/A,Computer
"06/14/2025, 03:07 AM PDT","06/14/2025, 06:07 AM EDT","06/14/2025, 05:07 AM CDT","06/14/2025, 03:07 AM PDT","KIND Healthy Grains Granola, Vanilla Blueberry with Flax Seeds, Gluten Free, 11 oz",26560432,602652171857,Single,2,KIND,Grocery,Granola,N/A,N/A,Healthy Grains,https://i5.walmartimages.com/seo/KIND-Healthy-Grains-Granola-Vanilla-Blueberry-with-Flax-Seeds-Gluten-Free-11-oz_a6c71f28-6b24-4e71-ad8f-1a7759b4ce7b.486274de10d36d06852b46662f51bca0.jpeg,,N/A,https://www.walmart.com/ip/26560432,5.19,https://www.amazon.com/dp/B006GA60DE,https://www.amazon.com/s?k=KIND%20Healthy%20Grains%20Granola%2C%20Vanilla%20Blueberry%20with%20Flax%20Seeds%2C%20Gluten%20Free%2C%2011%20oz,https://www.ebay.com/sch/i.html?_nkw=KIND%20Healthy%20Grains%20Granola%2C%20Vanilla%20Blueberry%20with%20Flax%20Seeds%2C%20Gluten%20Free%2C%2011%20oz,https://www.google.com/search?q=KIND%20Healthy%20Grains%20Granola%2C%20Vanilla%20Blueberry%20with%20Flax%20Seeds%2C%20Gluten%20Free%2C%2011%20oz,https://seller.walmart.com/catalog/add-items?search=26560432,N/A,no,yes,no,7,1,6,125,SJK Enterprises LLC,wfs,$13.72,10,$13.70,$15.89,11,5.19,1.34,12.15 %,25.75 %,0.00,5.22,1,$7.94,N/A,$4.47,$3.45,0,$0.88,8.00%,$0.01,1,$0.14,$0.30 /lb,$0.14,$0.00,$0.00,$0.00,$0.00,0,$0.00,4.4,128,"The listing has 2 variations,Pulling package information from B006GA60DE via amazon.com","9.88, 5.20, 0.39 in, 0.45 lbs",9.88,5.20,0.39,0.45,N/A,Computer
"06/14/2025, 03:09 AM PDT","06/14/2025, 06:09 AM EDT","06/14/2025, 05:09 AM CDT","06/14/2025, 03:09 AM PDT","KIND Healthy Grains Granola Clusters, Raspberry with Chia Seeds, Gluten Free, 11 oz Resealable Bag",37003369,602652171611,Single,2,KIND,Grocery,Granola,N/A,N/A,18531,https://i5.walmartimages.com/seo/KIND-Healthy-Grains-Granola-Clusters-Raspberry-with-Chia-Seeds-Gluten-Free-11-oz-Resealable-Bag_645bcb57-d75e-4871-97e9-e1b0de36f34d_1.745a9c627cf85864997432626b2f383e.png,,N/A,https://www.walmart.com/ip/37003369,5.19,https://www.amazon.com/dp/B00JJVZIMG,https://www.amazon.com/s?k=KIND%20Healthy%20Grains%20Granola%20Clusters%2C%20Raspberry%20with%20Chia%20Seeds%2C%20Gluten%20Free%2C%2011%20oz%20Resealable%20Bag,https://www.ebay.com/sch/i.html?_nkw=KIND%20Healthy%20Grains%20Granola%20Clusters%2C%20Raspberry%20with%20Chia%20Seeds%2C%20Gluten%20Free%2C%2011%20oz%20Resealable%20Bag,https://www.google.com/search?q=KIND%20Healthy%20Grains%20Granola%20Clusters%2C%20Raspberry%20with%20Chia%20Seeds%2C%20Gluten%20Free%2C%2011%20oz%20Resealable%20Bag,https://seller.walmart.com/catalog/add-items?search=37003369,N/A,no,yes,no,5,3,2,116,OTCRx4U,wfs,$9.99,12,$9.99,$12.51,12,5.19,2.13,17.78 %,41.10 %,0.00,5.86,1,$52.72,N/A,$4.68,$3.45,0,$0.96,8.00%,$0.06,1,$0.20,$0.30 /lb,$0.20,$0.00,$0.00,$0.00,$0.00,0,$0.00,4.5,73,"The listing has 2 variations,Pulling package information from B00JJVZIMG via amazon.com,User edited dimensions/weight","9.61, 7.48, 2.01 in, 0.68 lbs",9.61,7.48,2.01,0.68,N/A,Computer
"06/14/2025, 03:12 AM PDT","06/14/2025, 06:12 AM EDT","06/14/2025, 05:12 AM CDT","06/14/2025, 03:12 AM PDT","KIND Healthy Grain Bars, Peanut Butter Dark Chocolate, 1.2 oz, 5 Count",34202688,602652184031,N/A,N/A,KIND,Grocery,Snack Bars,N/A,N/A,18403,https://i5.walmartimages.com/seo/KIND-Healthy-Grain-Bars-Peanut-Butter-Dark-Chocolate-1-2-oz-5-Count_5de44b1d-c925-4f7d-b44a-9aef1409a80e_3.55878f45ee7d1cfb2c0ba87f4b224494.png,,N/A,https://www.walmart.com/ip/34202688,3.72,https://www.amazon.com/dp/B00GN81QGU,https://www.amazon.com/s?k=KIND%20Healthy%20Grain%20Bars%2C%20Peanut%20Butter%20Dark%20Chocolate%2C%201.2%20oz%2C%205%20Count,https://www.ebay.com/sch/i.html?_nkw=KIND%20Healthy%20Grain%20Bars%2C%20Peanut%20Butter%20Dark%20Chocolate%2C%201.2%20oz%2C%205%20Count,https://www.google.com/search?q=KIND%20Healthy%20Grain%20Bars%2C%20Peanut%20Butter%20Dark%20Chocolate%2C%201.2%20oz%2C%205%20Count,https://seller.walmart.com/catalog/add-items?search=34202688,N/A,no,no,no,3,0,3,1008,Raad Sahawneh,mfn,$9.30,3,$9.30,$16.36,9.3,3.72,0.21,2.24 %,5.61 %,9.00,3.14,1,$9.33,500+ units sold this month on Amazon,$5.37,$3.45,0,$0.74,8.00%,$0.03,1,$1.15,$0.30 /lb,$0.15,$0.00,$0.00,$0.00,$0.00,0,$0.00,4.6,574,"Pulling package information from B00GN81QGU via amazon.com,3 or less sellers","6.69, 5.59, 1.69 in, 0.50 lbs",6.69,5.59,1.69,0.50,N/A,Computer
"06/14/2025, 03:14 AM PDT","06/14/2025, 06:14 AM EDT","06/14/2025, 05:14 AM CDT","06/14/2025, 03:14 AM PDT","KIND Healthy Grains Bars, Drizzled Dark Chocolate Peanut Butter, 1.16 oz, 5 Count",452801140,602652299490,Single,14,KIND,Grocery,Snack Bars,N/A,N/A,0602652299490,https://i5.walmartimages.com/seo/KIND-Healthy-Grains-Bars-Drizzled-Dark-Chocolate-Peanut-Butter-1-16-oz-5-Count_efc149bf-befc-4f45-bd4f-b2c410a2da3f.ab071e0607e820428a11683f26a94094.jpeg,,N/A,https://www.walmart.com/ip/452801140,3.68,https://www.amazon.com/dp/B08KXFXJ76,https://www.amazon.com/s?k=KIND%20Healthy%20Grains%20Bars%2C%20Drizzled%20Dark%20Chocolate%20Peanut%20Butter%2C%201.16%20oz%2C%205%20Count,https://www.ebay.com/sch/i.html?_nkw=KIND%20Healthy%20Grains%20Bars%2C%20Drizzled%20Dark%20Chocolate%20Peanut%20Butter%2C%201.16%20oz%2C%205%20Count,https://www.google.com/search?q=KIND%20Healthy%20Grains%20Bars%2C%20Drizzled%20Dark%20Chocolate%20Peanut%20Butter%2C%201.16%20oz%2C%205%20Count,https://seller.walmart.com/catalog/add-items?search=452801140,N/A,no,yes,no,0,0,0,0,N/A,N/A,0,,,Price,11.91,3.68,3.66,30.76 %,99.56 %,8.95,5.88,1,$10.77,N/A,$4.57,$3.45,0,$0.95,8.00%,$0.03,1,$0.14,$0.30 /lb,$0.14,$0.00,$0.00,$0.00,$0.00,0,$0.00,4.5,17,"The listing has 14 variations,Pulling package information from B08KXFXJ76 via amazon.com,3 or less sellers","6.06, 5.59, 1.73 in, 0.46 lbs",6.06,5.59,1.73,0.46,N/A,Computer
"06/14/2025, 03:16 AM PDT","06/14/2025, 06:16 AM EDT","06/14/2025, 05:16 AM CDT","06/14/2025, 03:16 AM PDT","KIND Healthy Grains Bars, Milk Chocolate Chunk, 1.16 oz, 5 Count",309812837,602652299476,Single,14,KIND,Grocery,Snack Bars,N/A,N/A,N/A,https://i5.walmartimages.com/seo/KIND-Healthy-Grains-Bars-Milk-Chocolate-Chunk-1-16-oz-5-Count_7b3e5658-eacc-4cf5-9a4a-e791e993015f.4a88ceed09e0e0b725a3d716c42dba48.jpeg,,N/A,https://www.walmart.com/ip/309812837,3.68,N/A,https://www.amazon.com/s?k=KIND%20Healthy%20Grains%20Bars%2C%20Milk%20Chocolate%20Chunk%2C%201.16%20oz%2C%205%20Count,https://www.ebay.com/sch/i.html?_nkw=KIND%20Healthy%20Grains%20Bars%2C%20Milk%20Chocolate%20Chunk%2C%201.16%20oz%2C%205%20Count,https://www.google.com/search?q=KIND%20Healthy%20Grains%20Bars%2C%20Milk%20Chocolate%20Chunk%2C%201.16%20oz%2C%205%20Count,https://seller.walmart.com/catalog/add-items?search=309812837,N/A,no,no,no,4,0,4,25,Tradewise,mfn,$13.94,5,$13.94,$26.91,13.94,3.68,5.52,39.60 %,150.02 %,8.95,7.36,1,NA,N/A,$4.74,$3.45,0,$1.12,8.00%,$0.03,1,$0.14,$0.30 /lb,$0.14,$0.00,$0.00,$0.00,$0.00,0,$0.00,4.1,19,"The listing has 14 variations,For better accuracy, we’ve used dimensions from B0F1H1XQW9 to provide more precise estimates","6.54, 5.39, 1.97 in, 0.48 lbs",6.54,5.39,1.97,0.48,N/A,Computer
"06/14/2025, 03:30 AM PDT","06/14/2025, 06:30 AM EDT","06/14/2025, 05:30 AM CDT","06/14/2025, 03:30 AM PDT","Kinder Bueno Milk Chocolate and Hazelnut Cream, 5 Pack, 2 Individually Wrapped Chocolate Bars Per Pack, 7.5 oz",243836675,9800552122,1,2,Kinder Bueno,Grocery,Candy Bars & Miniatures,N/A,N/A,N/A,https://i5.walmartimages.com/seo/Kinder-Bueno-Milk-Chocolate-and-Hazelnut-Cream-5-Pack-2-Individually-Wrapped-Chocolate-Bars-Per-Pack-7-5-oz_cfb9d8b9-2fb7-4e57-a00d-497d6f65ae49.2767c04874bd146b0ec9d2fafeafc3bb.jpeg,,N/A,https://www.walmart.com/ip/243836675,5.27,https://www.amazon.com/dp/B09LNYR72H,https://www.amazon.com/s?k=Kinder%20Bueno%20Milk%20Chocolate%20and%20Hazelnut%20Cream%2C%205%20Pack%2C%202%20Individually%20Wrapped%20Chocolate%20Bars%20Per%20Pack%2C%207.5%20oz,https://www.ebay.com/sch/i.html?_nkw=Kinder%20Bueno%20Milk%20Chocolate%20and%20Hazelnut%20Cream%2C%205%20Pack%2C%202%20Individually%20Wrapped%20Chocolate%20Bars%20Per%20Pack%2C%207.5%20oz,https://www.google.com/search?q=Kinder%20Bueno%20Milk%20Chocolate%20and%20Hazelnut%20Cream%2C%205%20Pack%2C%202%20Individually%20Wrapped%20Chocolate%20Bars%20Per%20Pack%2C%207.5%20oz,https://seller.walmart.com/catalog/add-items?search=243836675,N/A,no,yes,no,3,0,3,35,Malleable ,mfn,$17.38,16,$17.38,$20.89,17.38,5.27,5.86,33.69 %,111.12 %,0.00,8.90,1,$8.00,N/A,$6.25,$3.45,0,$2.61,15.00%,$0.03,1,$0.17,$0.30 /lb,$0.17,$0.00,$0.00,$0.00,$0.00,0,$0.00,4.7,93,"The listing has 2 variations,Pulling package information from B09LNYR72H via amazon.com,3 or less sellers","12.56, 6.22, 0.94 in, 0.55 lbs",12.56,6.22,0.94,0.55,N/A,Computer
"06/14/2025, 03:32 AM PDT","06/14/2025, 06:32 AM EDT","06/14/2025, 05:32 AM CDT","06/14/2025, 03:32 AM PDT","Kinder Holiday 2024 Advent Calendar, 24 Individually Wrapped Pieces, Chocolatey Candy, 4.4 oz​",5558387901,9800522057,N/A,N/A,Kinder Seasonal,Home & Garden,Advent Calendars,Ferrero Usa,1,N/A,https://i5.walmartimages.com/seo/Kinder-Holiday-2024-Advent-Calendar-24-Individually-Wrapped-Pieces-Chocolatey-Candy-4-4-oz_3e6fff02-4918-4c2d-9807-55aa244ddc67.cf1e495aa06eb60c8daee82c02879609.jpeg,,N/A,https://www.walmart.com/ip/5558387901,7.15,https://www.amazon.com/dp/B0CZ1ZNKP2,https://www.amazon.com/s?k=Kinder%20Holiday%202024%20Advent%20Calendar%2C%2024%20Individually%20Wrapped%20Pieces%2C%20Chocolatey%20Candy%2C%204.4%20oz%E2%80%8B,https://www.ebay.com/sch/i.html?_nkw=Kinder%20Holiday%202024%20Advent%20Calendar%2C%2024%20Individually%20Wrapped%20Pieces%2C%20Chocolatey%20Candy%2C%204.4%20oz%E2%80%8B,https://www.google.com/search?q=Kinder%20Holiday%202024%20Advent%20Calendar%2C%2024%20Individually%20Wrapped%20Pieces%2C%20Chocolatey%20Candy%2C%204.4%20oz%E2%80%8B,https://seller.walmart.com/catalog/add-items?search=5558387901,N/A,yes,no,no,1,0,1,6,Mission ff,mfn,$17.00,6,$17.00,$17.00,17,7.15,3.58,21.05 %,50.05 %,12.70,8.58,1,$9.29,N/A,$6.27,$3.45,0,$2.55,15.00%,$0.09,1,$0.18,$0.30 /lb,$0.18,$0.00,$0.00,$0.00,$0.00,0,$0.00,4.7,64,"Pulling package information from B0CZ1ZNKP2 via amazon.com,3 or less sellers","12.48, 10.94, 1.54 in, 0.60 lbs",12.48,10.94,1.54,0.60,N/A,Computer
"06/14/2025, 03:36 AM PDT","06/14/2025, 06:36 AM EDT","06/14/2025, 05:36 AM CDT","06/14/2025, 03:36 AM PDT","Kinder Joy Eggs, 1 count, Stocking Stuffers, Treat Plus Toy, Sweet Creams and Crispy Chocolatey Wafer Bites, Individually Wrapped, 0.7 oz",544104291,9800000692,Single,2,Kinder Joy,Grocery,Chocolate Candy,N/A,N/A,N/A,https://i5.walmartimages.com/seo/Kinder-Joy-Egg-Stocking-Stuffers-Treat-Plus-Toy-Sweet-Creams-Chocolatey-Wafers-0-7-oz_ac03bad7-4483-468c-964c-d755c851ddf7.65a20cc28a2158170387aef5e5c3dfbf.jpeg,,N/A,https://www.walmart.com/ip/544104291,2.63,https://www.amazon.com/dp/B09R3L7LSY,https://www.amazon.com/s?k=Kinder%20Joy%20Eggs%2C%201%20count%2C%20Stocking%20Stuffers%2C%20Treat%20Plus%20Toy%2C%20Sweet%20Creams%20and%20Crispy%20Chocolatey%20Wafer%20Bites%2C%20Individually%20Wrapped%2C%200.7%20oz,https://www.ebay.com/sch/i.html?_nkw=Kinder%20Joy%20Eggs%2C%201%20count%2C%20Stocking%20Stuffers%2C%20Treat%20Plus%20Toy%2C%20Sweet%20Creams%20and%20Crispy%20Chocolatey%20Wafer%20Bites%2C%20Individually%20Wrapped%2C%200.7%20oz,https://www.google.com/search?q=Kinder%20Joy%20Eggs%2C%201%20count%2C%20Stocking%20Stuffers%2C%20Treat%20Plus%20Toy%2C%20Sweet%20Creams%20and%20Crispy%20Chocolatey%20Wafer%20Bites%2C%20Individually%20Wrapped%2C%200.7%20oz,https://seller.walmart.com/catalog/add-items?search=544104291,N/A,yes,no,no,1,0,1,10,JJK Heritage Collection,mfn,$9.26,10,$9.26,$9.26,9.26,2.63,1.41,15.27 %,53.77 %,7.65,3.24,1,OOS,N/A,$5.22,$3.45,0,$0.74,8.00%,$0.00,1,$1.02,$0.30 /lb,$0.02,$0.00,$0.00,$0.00,$0.00,0,$0.00,4.4,76,"The listing has 2 variations,Pulling package information from B09R3L7LSY via amazon.com,3 or less sellers","2.68, 1.89, 1.89 in, 0.07 lbs",2.68,1.89,1.89,0.07,N/A,Computer
"06/14/2025, 03:54 AM PDT","06/14/2025, 06:54 AM EDT","06/14/2025, 05:54 AM CDT","06/14/2025, 03:54 AM PDT","Kit Kat Duos Dark Chocolate Mint Wafer King Size Candy, Bar 3 oz",480017233,34000318261,1,1,KITKAT,Grocery,Candy Bars & Miniatures,N/A,N/A,N/A,https://i5.walmartimages.com/seo/Kit-Kat-Duos-Dark-Chocolate-Mint-Wafer-King-Size-Candy-Bar-3-oz_87086a89-e266-4ba8-b460-2fda5ba15d84.8a26e8b0b0edb461783955c9de73aba8.jpeg,,N/A,https://www.walmart.com/ip/480017233,2.65,https://www.amazon.com/dp/B082BVSDNN,https://www.amazon.com/s?k=Kit%20Kat%20Duos%20Dark%20Chocolate%20Mint%20Wafer%20King%20Size%20Candy%2C%20Bar%203%20oz,https://www.ebay.com/sch/i.html?_nkw=Kit%20Kat%20Duos%20Dark%20Chocolate%20Mint%20Wafer%20King%20Size%20Candy%2C%20Bar%203%20oz,https://www.google.com/search?q=Kit%20Kat%20Duos%20Dark%20Chocolate%20Mint%20Wafer%20King%20Size%20Candy%2C%20Bar%203%20oz,https://seller.walmart.com/catalog/add-items?search=480017233,N/A,no,no,no,4,0,4,55,Wilcox Trading,mfn,$8.30,35,$8.27,$8.66,8.3,2.65,0.47,5.69 %,17.83 %,7.70,2.50,1,OOS,100+ units sold this month on Amazon,$5.18,$3.45,0,$0.66,8.00%,$0.00,1,$1.06,$0.30 /lb,$0.06,$0.00,$0.00,$0.00,$0.00,0,$0.00,4.6,454,N/A,"0.42, 5.13, 3.68 in, 0.20 lbs",0.42,5.13,3.68,0.20,N/A,Computer
"06/14/2025, 03:58 AM PDT","06/14/2025, 06:58 AM EDT","06/14/2025, 05:58 AM CDT","06/14/2025, 03:58 AM PDT","Kit Kat Minis Unwrapped Milk Chocolate Wafer Candy, Bag 7.6 oz",429227190,34000996629,N/A,N/A,KITKAT,Grocery,Candy Bars & Miniatures,N/A,N/A,N/A,https://i5.walmartimages.com/seo/Kit-Kat-Minis-Unwrapped-Milk-Chocolate-Wafer-Candy-Bag-7-6-oz_03f30678-5f27-4af3-85e5-abdc6fd6eb58.550f8fe973872ae33718728b63f07ef9.jpeg,,N/A,https://www.walmart.com/ip/429227190,6.19,https://www.amazon.com/dp/B07N22DPDL,https://www.amazon.com/s?k=Kit%20Kat%20Minis%20Unwrapped%20Milk%20Chocolate%20Wafer%20Candy%2C%20Bag%207.6%20oz,https://www.ebay.com/sch/i.html?_nkw=Kit%20Kat%20Minis%20Unwrapped%20Milk%20Chocolate%20Wafer%20Candy%2C%20Bag%207.6%20oz,https://www.google.com/search?q=Kit%20Kat%20Minis%20Unwrapped%20Milk%20Chocolate%20Wafer%20Candy%2C%20Bag%207.6%20oz,https://seller.walmart.com/catalog/add-items?search=429227190,N/A,no,no,no,5,1,4,157,Shop The King,mfn,$12.26,111,$12.26,$15.96,12.26,6.19,1.44,11.78 %,23.33 %,10.60,6.11,1,OOS,200+ units sold this month on Amazon,$4.63,$3.45,0,$0.98,8.00%,$0.04,1,$0.15,$0.30 /lb,$0.15,$0.00,$0.00,$0.00,$0.00,0,$0.00,4.6,108,N/A,"1.86, 7.88, 7.07 in, 0.50 lbs",1.86,7.88,7.07,0.50,N/A,Computer
"06/14/2025, 04:33 AM PDT","06/14/2025, 07:33 AM EDT","06/14/2025, 06:33 AM CDT","06/14/2025, 04:33 AM PDT","Knorr Gravy Mix Au Jus, No Artificial Flavors, No Added MSG, 0.6 oz",10291820,48001703155,Single,1,Knorr,Grocery,Mixed Spices & Seasonings,N/A,N/A,5410009,https://i5.walmartimages.com/seo/Knorr-Gravy-Mix-Au-Jus-No-Artificial-Flavors-No-Added-MSG-0-6-oz_f75be2c1-87aa-497b-a571-73cd00342fe0.7a550d7e52abf7c8a0c16d12fe7ed27b.jpeg,,N/A,https://www.walmart.com/ip/10291820,1.37,https://www.amazon.com/dp/B00DAI75FM,https://www.amazon.com/s?k=Knorr%20Gravy%20Mix%20Au%20Jus%2C%20No%20Artificial%20Flavors%2C%20No%20Added%20MSG%2C%200.6%20oz,https://www.ebay.com/sch/i.html?_nkw=Knorr%20Gravy%20Mix%20Au%20Jus%2C%20No%20Artificial%20Flavors%2C%20No%20Added%20MSG%2C%200.6%20oz,https://www.google.com/search?q=Knorr%20Gravy%20Mix%20Au%20Jus%2C%20No%20Artificial%20Flavors%2C%20No%20Added%20MSG%2C%200.6%20oz,https://seller.walmart.com/catalog/add-items?search=10291820,N/A,no,yes,no,3,1,2,10213,Able Pathways Media,wfs,$7.80,94,$7.80,$14.24,7.8,1.37,1.3,16.70 %,95.10 %,6.30,2.14,1,$2.00,N/A,$5.13,$3.45,0,$0.62,8.00%,$0.01,1,$1.04,$0.30 /lb,$0.04,$0.00,$0.00,$0.00,$0.00,0,$0.00,4.6,54,"Pulling package information from B00DAI75FM via amazon.com,3 or less sellers","7.20, 3.90, 0.91 in, 0.14 lbs",7.20,3.90,0.91,0.14,N/A,Computer
"06/14/2025, 05:15 AM PDT","06/14/2025, 08:15 AM EDT","06/14/2025, 07:15 AM CDT","06/14/2025, 05:15 AM PDT",Nickelodeon SpongeBob Krabby Patty Gummy Heart Box 3.17oz,924228678,41376501142,N/A,N/A,Frankford,Grocery,Gummy Candy,N/A,N/A,N/A,https://i5.walmartimages.com/seo/Nickelodeon-SpongeBob-Krabby-Patty-Gummy-Heart-Box-3-17oz_93606937-a766-4ecd-9867-be603e5a9e9b.98dbac4d495afae8edd08c1c78f2716d.jpeg,,N/A,https://www.walmart.com/ip/924228678,7.65,https://www.amazon.com/dp/B09NQP4H9F,https://www.amazon.com/s?k=Nickelodeon%20SpongeBob%20Krabby%20Patty%20Gummy%20Heart%20Box%203.17oz,https://www.ebay.com/sch/i.html?_nkw=Nickelodeon%20SpongeBob%20Krabby%20Patty%20Gummy%20Heart%20Box%203.17oz,https://www.google.com/search?q=Nickelodeon%20SpongeBob%20Krabby%20Patty%20Gummy%20Heart%20Box%203.17oz,https://seller.walmart.com/catalog/add-items?search=924228678,N/A,no,no,no,3,0,3,10,Luvida & Co,mfn,$14.95,4,$14.95,$15.50,14.95,7.65,2.49,16.67 %,32.58 %,12.15,8.11,1,$9.98,N/A,$4.81,$3.45,0,$1.20,8.00%,$0.04,1,$0.12,$0.30 /lb,$0.12,$0.00,$0.00,$0.00,$0.00,0,$0.00,4.8,21,"Pulling package information from B09NQP4H9F via amazon.com,3 or less sellers","7.32, 7.09, 1.85 in, 0.40 lbs",7.32,7.09,1.85,0.40,N/A,Computer
"06/15/2025, 11:50 PM PDT","06/16/2025, 02:50 AM EDT","06/16/2025, 01:50 AM CDT","06/15/2025, 11:50 PM PDT",Krunchy Melts Lemon Meringue Cookies (4 oz),1730787851,856785003626,Lemon,3,Krunchy Melts,Grocery,Cookies,N/A,N/A,N/A,https://i5.walmartimages.com/seo/Krunchy-Melts-Lemon-Meringue-Cookies-4-oz_c5b62f1d-1f20-4ae8-b223-ae62cff8d943.3fc17ac678899eee4e1f5d14eeef9ca9.jpeg,,N/A,https://www.walmart.com/ip/1730787851,3.97,https://www.amazon.com/dp/B06WVMGBX6,https://www.amazon.com/s?k=Krunchy%20Melts%20Lemon%20Meringue%20Cookies%20(4%20oz),https://www.ebay.com/sch/i.html?_nkw=Krunchy%20Melts%20Lemon%20Meringue%20Cookies%20(4%20oz),https://www.google.com/search?q=Krunchy%20Melts%20Lemon%20Meringue%20Cookies%20(4%20oz),https://seller.walmart.com/catalog/add-items?search=1730787851,N/A,no,no,no,0,0,0,0,N/A,N/A,0,,,Price,10.99,3.97,2.51,22.81 %,63.14 %,9.25,5.18,1,$10.99,200+ units sold this month on Amazon,$4.51,$3.45,0,$0.88,8.00%,$0.06,1,$0.12,$0.30 /lb,$0.12,$0.00,$0.00,$0.00,$0.00,0,$0.00,,0,"The listing has 3 variations,Walmart.com is on the listing,Pulling package information from B06WVMGBX6 via amazon.com,3 or less sellers","6.93, 6.85, 3.11 in, 0.40 lbs",6.93,6.85,3.11,0.40,N/A,Computer
"06/15/2025, 11:59 PM PDT","06/16/2025, 02:59 AM EDT","06/16/2025, 01:59 AM CDT","06/15/2025, 11:59 PM PDT","La Baleine Sea Salt, Coarse Crystals, 26.5?Oz",24946131,79462004581,N/A,N/A,La Baleine,Grocery,Salt,N/A,N/A,0790840,https://i5.walmartimages.com/seo/La-Baleine-Sea-Salt-Coarse-Crystals-26-5-Oz_e7d986fb-7cef-4f2e-b13b-c08c4dca3ef2.80527753d718c83a0022822775a7942f.jpeg,,N/A,https://www.walmart.com/ip/24946131,3.59,https://www.amazon.com/dp/B0083KZEZK,https://www.amazon.com/s?k=La%20Baleine%20Sea%20Salt%2C%20Coarse%20Crystals%2C%2026.5%3FOz,https://www.ebay.com/sch/i.html?_nkw=La%20Baleine%20Sea%20Salt%2C%20Coarse%20Crystals%2C%2026.5%3FOz,https://www.google.com/search?q=La%20Baleine%20Sea%20Salt%2C%20Coarse%20Crystals%2C%2026.5%3FOz,https://seller.walmart.com/catalog/add-items?search=24946131,N/A,no,no,no,11,4,7,196,Gourmet Solutions LLC,wfs,$8.50,29,$8.50,$22.75,13,3.59,2.9,22.28 %,80.67 %,0.00,5.19,1,$24.22,N/A,$6.51,$4.95,0,$1.04,8.00%,$0.03,1,$0.50,$0.30 /lb,$0.50,$0.00,$0.00,$0.00,$0.00,0,$0.00,5,2,N/A,"7.60, 2.80, 2.80 in, 1.66 lbs",7.60,2.80,2.80,1.66,N/A,Computer
"06/16/2025, 12:10 AM PDT","06/16/2025, 03:10 AM EDT","06/16/2025, 02:10 AM CDT","06/16/2025, 12:10 AM PDT","La Molisana La Molisana Orecchiette, 16 oz",122008316,37212000665,N/A,N/A,La Molisana,Grocery,Pasta,N/A,N/A,N/A,https://i5.walmartimages.com/seo/La-Molisana-La-Molisana-Orecchiette-16-oz_757820e8-5863-4c66-8a54-10cf9317ba7f.fa1928a4a8488ff00fe1746ed1f60f75.jpeg,,N/A,https://www.walmart.com/ip/122008316,2.36,https://www.amazon.com/dp/B00OHY3GBA,https://www.amazon.com/s?k=La%20Molisana%20La%20Molisana%20Orecchiette%2C%2016%20oz,https://www.ebay.com/sch/i.html?_nkw=La%20Molisana%20La%20Molisana%20Orecchiette%2C%2016%20oz,https://www.google.com/search?q=La%20Molisana%20La%20Molisana%20Orecchiette%2C%2016%20oz,https://seller.walmart.com/catalog/add-items?search=122008316,N/A,no,no,no,3,0,3,50,The Italians Pantry,mfn,$12.99,30,$12.99,$40.36,12.99,2.36,4.3,33.11 %,182.23 %,9.30,5.33,1,$43.46,N/A,$6.33,$4.95,0,$1.04,8.00%,$0.03,1,$0.31,$0.30 /lb,$0.31,$0.00,$0.00,$0.00,$0.00,0,$0.00,5,1,"For better accuracy, we’ve used dimensions from B08W8GG4HP to provide more precise estimates,3 or less sellers","6.81, 4.33, 2.44 in, 1.03 lbs",6.81,4.33,2.44,1.03,N/A,Computer
"06/16/2025, 01:04 AM PDT","06/16/2025, 04:04 AM EDT","06/16/2025, 03:04 AM CDT","06/16/2025, 01:04 AM PDT","Late July Blue Corn Dippers Organic Tortilla Chips, 7.4 oz Bag",852133265,815099021696,N/A,N/A,Late July,Grocery,Snack Chips,DISTRIBUTED BY LATE JULY SNACKS,N/A,N/A,https://i5.walmartimages.com/seo/Late-July-Snacks-Dippers-Organic-Blue-Corn-Tortilla-Chips-7-4-oz-Bag_5e3c48ff-04f4-440f-b512-62ae0947ce04.0b691706c4c573598ad42a98e8c6db26.jpeg,,N/A,https://www.walmart.com/ip/852133265,3.34,https://www.amazon.com/dp/B09GZWLBBV,https://www.amazon.com/s?k=Late%20July%20Blue%20Corn%20Dippers%20Organic%20Tortilla%20Chips%2C%207.4%20oz%20Bag,https://www.ebay.com/sch/i.html?_nkw=Late%20July%20Blue%20Corn%20Dippers%20Organic%20Tortilla%20Chips%2C%207.4%20oz%20Bag,https://www.google.com/search?q=Late%20July%20Blue%20Corn%20Dippers%20Organic%20Tortilla%20Chips%2C%207.4%20oz%20Bag,https://seller.walmart.com/catalog/add-items?search=852133265,N/A,yes,no,no,1,0,1,10,Vitozon,mfn,$12.98,10,$12.98,$12.98,12.98,3.34,4.84,37.25 %,144.77 %,8.75,6.54,1,$10.32,N/A,$4.80,$3.45,0,$1.04,8.00%,$0.17,1,$0.15,$0.30 /lb,$0.15,$0.00,$0.00,$0.00,$0.00,0,$0.00,4.7,72,"Pulling package information from B09GZWLBBV via amazon.com,3 or less sellers","12.99, 8.11, 3.70 in, 0.49 lbs",12.99,8.11,3.70,0.49,N/A,Computer
"06/16/2025, 01:06 AM PDT","06/16/2025, 04:06 AM EDT","06/16/2025, 03:06 AM CDT","06/16/2025, 01:06 AM PDT","Late July Snacks, Mexican Street Corn Tortilla Chips, 7.8 oz Bag",203636997,815099021078,N/A,N/A,Late July,Grocery,Snack Chips,DISTRIBUTED BY LATE JULY SNACKS,N/A,N/A,https://i5.walmartimages.com/seo/Late-July-Snacks-Mexican-Street-Corn-Tortilla-Chips-7-8-oz-Bag_d6ca323b-85df-44b4-8acb-245f1ccbb953.31058c6e0690ee77c6abd6fc1a027add.jpeg,,N/A,https://www.walmart.com/ip/203636997,3.75,https://www.amazon.com/dp/B09GZVTXKV,https://www.amazon.com/s?k=Late%20July%20Snacks%2C%20Mexican%20Street%20Corn%20Tortilla%20Chips%2C%207.8%20oz%20Bag,https://www.ebay.com/sch/i.html?_nkw=Late%20July%20Snacks%2C%20Mexican%20Street%20Corn%20Tortilla%20Chips%2C%207.8%20oz%20Bag,https://www.google.com/search?q=Late%20July%20Snacks%2C%20Mexican%20Street%20Corn%20Tortilla%20Chips%2C%207.8%20oz%20Bag,https://seller.walmart.com/catalog/add-items?search=203636997,N/A,no,no,no,4,1,3,41,OTCRx4U,wfs,$9.99,25,$9.99,$18.50,10.2,3.75,1.91,18.71 %,50.90 %,9.15,4.53,1,$10.71,1k+ units sold this month on Amazon,$4.54,$3.45,0,$0.82,8.00%,$0.12,1,$0.16,$0.30 /lb,$0.16,$0.00,$0.00,$0.00,$0.00,0,$0.00,4.3,50,Pulling package information from B09GZVTXKV via amazon.com,"11.85, 7.36, 3.15 in, 0.52 lbs",11.85,7.36,3.15,0.52,N/A,Computer
"06/16/2025, 01:07 AM PDT","06/16/2025, 04:07 AM EDT","06/16/2025, 03:07 AM CDT","06/16/2025, 01:07 AM PDT","Late July Sea Salt Multigrain Organic Tortilla Chips, 7.5 oz Bag",312442472,815099021726,N/A,N/A,Late July,Grocery,Snack Chips,DISTRIBUTED BY LATE JULY SNACKS,N/A,N/A,https://i5.walmartimages.com/seo/Late-July-Snacks-Multigrain-Organic-Tortilla-Chips-with-Sea-Salt-7-5-oz-Bag_5fc6d831-f3f3-491b-8880-cdd2baa5dba6.be6f69f9aba3333f0a2c697a7093c208.jpeg,,N/A,https://www.walmart.com/ip/312442472,3.44,https://www.amazon.com/dp/B09GZKL9V1,https://www.amazon.com/s?k=Late%20July%20Sea%20Salt%20Multigrain%20Organic%20Tortilla%20Chips%2C%207.5%20oz%20Bag,https://www.ebay.com/sch/i.html?_nkw=Late%20July%20Sea%20Salt%20Multigrain%20Organic%20Tortilla%20Chips%2C%207.5%20oz%20Bag,https://www.google.com/search?q=Late%20July%20Sea%20Salt%20Multigrain%20Organic%20Tortilla%20Chips%2C%207.5%20oz%20Bag,https://seller.walmart.com/catalog/add-items?search=312442472,N/A,no,no,no,7,0,7,86,Dollar Shop LLC,mfn,$6.90,5,$6.90,$16.73,10,3.44,2.03,20.32 %,59.08 %,8.80,4.38,1,$4.59,4k+ units sold this month on Amazon,$4.53,$3.45,0,$0.80,8.00%,$0.13,1,$0.15,$0.30 /lb,$0.15,$0.00,$0.00,$0.00,$0.00,0,$0.00,4.6,36,Pulling package information from B09GZKL9V1 via amazon.com,"11.73, 7.95, 3.23 in, 0.49 lbs",11.73,7.95,3.23,0.49,N/A,Computer
"06/16/2025, 01:08 AM PDT","06/16/2025, 04:08 AM EDT","06/16/2025, 03:08 AM CDT","06/16/2025, 01:08 AM PDT","Late July Multigrain Sea Salt & Lime Organic Tortilla Chips, 7.5 oz Bag",860437449,815099021740,N/A,N/A,Late July,Grocery,Snack Chips,DISTRIBUTED BY LATE JULY SNACKS,N/A,0815099021740,https://i5.walmartimages.com/seo/Late-July-Snacks-Organic-Multigrain-Tortilla-Chips-Sea-Salt-and-Lime-7-5-oz-Bag_61284ace-3ebd-4204-b354-728a1a089a4b.a59a1679ac290ed75c5087dba4b54404.jpeg,,N/A,https://www.walmart.com/ip/860437449,4.59,https://www.amazon.com/dp/B09GZRH7Q9,https://www.amazon.com/s?k=Late%20July%20Multigrain%20Sea%20Salt%20%26%20Lime%20Organic%20Tortilla%20Chips%2C%207.5%20oz%20Bag,https://www.ebay.com/sch/i.html?_nkw=Late%20July%20Multigrain%20Sea%20Salt%20%26%20Lime%20Organic%20Tortilla%20Chips%2C%207.5%20oz%20Bag,https://www.google.com/search?q=Late%20July%20Multigrain%20Sea%20Salt%20%26%20Lime%20Organic%20Tortilla%20Chips%2C%207.5%20oz%20Bag,https://seller.walmart.com/catalog/add-items?search=860437449,N/A,no,no,no,3,0,3,41,SANTARA,mfn,$10.88,25,$10.88,$15.38,10.88,4.59,1.72,15.76 %,37.36 %,0.00,5.04,1,$5.39,2k+ units sold this month on Amazon,$4.57,$3.45,0,$0.87,8.00%,$0.10,1,$0.15,$0.30 /lb,$0.15,$0.00,$0.00,$0.00,$0.00,0,$0.00,4.8,26,"Pulling package information from B09GZRH7Q9 via amazon.com,3 or less sellers","11.02, 6.77, 3.23 in, 0.50 lbs",11.02,6.77,3.23,0.50,N/A,Computer
"06/16/2025, 01:28 AM PDT","06/16/2025, 04:28 AM EDT","06/16/2025, 03:28 AM CDT","06/16/2025, 01:28 AM PDT","Lay's Stax Potato Crisps, Salt & Vinager, 5.5 Oz",16935578,28400055147,N/A,N/A,Lay's,Grocery,Snack Chips,Frito Lay,N/A,284005514,https://i5.walmartimages.com/seo/Lay-s-Stax-Potato-Crisps-Salt-Vinager-5-5-Oz_dc9ab270-d673-4ad7-9452-f4a78eff69f3.1bf7e90bb8902c7f0909569087c6201c.jpeg,,N/A,https://www.walmart.com/ip/16935578,2.39,https://www.amazon.com/dp/B0015GS26C,https://www.amazon.com/s?k=Lay's%20Stax%20Potato%20Crisps%2C%20Salt%20%26%20Vinager%2C%205.5%20Oz,https://www.ebay.com/sch/i.html?_nkw=Lay's%20Stax%20Potato%20Crisps%2C%20Salt%20%26%20Vinager%2C%205.5%20Oz,https://www.google.com/search?q=Lay's%20Stax%20Potato%20Crisps%2C%20Salt%20%26%20Vinager%2C%205.5%20Oz,https://seller.walmart.com/catalog/add-items?search=16935578,N/A,yes,no,no,2,0,2,27,Rebel 21,mfn,$8.78,19,$8.78,$8.79,8.78,2.39,1.07,12.14 %,44.62 %,7.55,2.77,1,$13.98,N/A,$5.32,$3.45,0,$0.70,8.00%,$0.04,1,$1.14,$0.30 /lb,$0.14,$0.00,$0.00,$0.00,$0.00,0,$0.00,4.4,196,"Pulling package information from B0015GS26C via amazon.com,3 or less sellers","9.02, 3.31, 2.80 in, 0.45 lbs",9.02,3.31,2.80,0.45,N/A,Computer
"06/16/2025, 01:30 AM PDT","06/16/2025, 04:30 AM EDT","06/16/2025, 03:30 AM CDT","06/16/2025, 01:30 AM PDT","Le Pain Des Fleurs Organic Crisp Bread Buckwheat, 4.41 oz",37772567,848206064439,6 Pack,1,Le Pain des Fleurs,Grocery,Snack Crackers,Le Pain Des Fleurs,N/A,00069966,https://i5.walmartimages.com/seo/Le-Pain-Des-Fleurs-Organic-Crisp-Bread-Buckwheat-4-41-oz_5b1aabe7-6b49-4375-bf79-7e58bdfce8f5_1.517da1c60063bd73d8dd8d30dc27bd81.jpeg,,N/A,https://www.walmart.com/ip/37772567,4.95,https://www.amazon.com/dp/B01IDXVYLE,https://www.amazon.com/s?k=Le%20Pain%20Des%20Fleurs%20Organic%20Crisp%20Bread%20Buckwheat%2C%204.41%20oz,https://www.ebay.com/sch/i.html?_nkw=Le%20Pain%20Des%20Fleurs%20Organic%20Crisp%20Bread%20Buckwheat%2C%204.41%20oz,https://www.google.com/search?q=Le%20Pain%20Des%20Fleurs%20Organic%20Crisp%20Bread%20Buckwheat%2C%204.41%20oz,https://seller.walmart.com/catalog/add-items?search=37772567,N/A,no,no,no,3,2,1,17,Gourmet on the way LLC,wfs,$10.95,5,$10.95,$14.38,10.95,4.95,1.5,13.74 %,30.40 %,0.00,5.16,1,$7.99,100+ units sold this month on Amazon,$4.50,$3.45,0,$0.88,8.00%,$0.04,1,$0.13,$0.30 /lb,$0.13,$0.00,$0.00,$0.00,$0.00,0,$0.00,4.2,5,"Pulling package information from B01IDXVYLE via amazon.com,User edited dimensions/weight,3 or less sellers","6.65, 5.59, 2.68 in, 0.42 lbs",6.65,5.59,2.68,0.42,N/A,Computer
"06/16/2025, 03:28 AM PDT","06/16/2025, 06:28 AM EDT","06/16/2025, 05:28 AM CDT","06/16/2025, 03:28 AM PDT","LesserEvil Organic Popcorn, Fiery Hot with Coconut Oil, 4.6 oz",911355643,850021522612,N/A,N/A,LesserEvil,Grocery,Popcorns,N/A,N/A,N/A,https://i5.walmartimages.com/seo/LesserEvil-Organic-Popcorn-Fiery-Hot-with-Coconut-Oil-4-6-oz_ff4aa936-bde6-481a-ad88-4e592f7c0c13.20ee498130583f3965eaea189beac57e.png,,N/A,https://www.walmart.com/ip/911355643,2.51,https://www.amazon.com/dp/B0BDGFDFXW,https://www.amazon.com/s?k=LesserEvil%20Organic%20Popcorn%2C%20Fiery%20Hot%20with%20Coconut%20Oil%2C%204.6%20oz,https://www.ebay.com/sch/i.html?_nkw=LesserEvil%20Organic%20Popcorn%2C%20Fiery%20Hot%20with%20Coconut%20Oil%2C%204.6%20oz,https://www.google.com/search?q=LesserEvil%20Organic%20Popcorn%2C%20Fiery%20Hot%20with%20Coconut%20Oil%2C%204.6%20oz,https://seller.walmart.com/catalog/add-items?search=911355643,N/A,no,yes,no,1,0,1,51,iHerb,mfn,$10.02,51,$10.02,$10.02,10.02,2.51,2.95,29.43 %,117.50 %,7.80,4.37,1,$12.95,50+ units sold this month on Amazon,$4.56,$3.45,0,$0.80,8.00%,$0.22,1,$0.09,$0.30 /lb,$0.09,$0.00,$0.00,$0.00,$0.00,0,$0.00,4.6,89,3 or less sellers,"3.25, 10.00, 15.75 in, 0.29 lbs",3.25,10.00,15.75,0.29,N/A,Computer
"06/16/2025, 03:31 AM PDT","06/16/2025, 06:31 AM EDT","06/16/2025, 05:31 AM CDT","06/16/2025, 03:31 AM PDT","Lesser Evil Popcorn, Himalayan Pink, 1 Single Bag 0.88 oz",51438510,180999001414,N/A,N/A,LesserEvil,Grocery,Popcorns,N/A,N/A,180999001414,https://i5.walmartimages.com/seo/Lesser-Evil-Popcorn-Himalayan-Pink-1-Single-Bag-0-88-oz_b30292ba-831a-4368-859f-01f392cc80fa_1.2cdd28bb2a418fb9d9624a8e5ac55401.jpeg,,N/A,https://www.walmart.com/ip/51438510,1,https://www.amazon.com/dp/B01DWXQXR0,https://www.amazon.com/s?k=Lesser%20Evil%20Popcorn%2C%20Himalayan%20Pink%2C%201%20Single%20Bag%200.88%20oz,https://www.ebay.com/sch/i.html?_nkw=Lesser%20Evil%20Popcorn%2C%20Himalayan%20Pink%2C%201%20Single%20Bag%200.88%20oz,https://www.google.com/search?q=Lesser%20Evil%20Popcorn%2C%20Himalayan%20Pink%2C%201%20Single%20Bag%200.88%20oz,https://seller.walmart.com/catalog/add-items?search=51438510,N/A,no,no,no,2,0,2,248,Vitozon,mfn,$6.28,230,$6.28,$7.48,6.28,1,0.26,4.11 %,25.82 %,5.90,1.01,1,$11.21,N/A,$5.02,$3.45,0,$0.50,8.00%,$0.05,1,$1.02,$0.30 /lb,$0.02,$0.00,$0.00,$0.00,$0.00,0,$0.00,4.7,46,"Pulling package information from B01DWXQXR0 via amazon.com,3 or less sellers","9.88, 5.51, 2.05 in, 0.07 lbs",9.88,5.51,2.05,0.07,N/A,Computer
"06/16/2025, 03:33 AM PDT","06/16/2025, 06:33 AM EDT","06/16/2025, 05:33 AM CDT","06/16/2025, 03:33 AM PDT","Lesser Evil Popcorn Oh My Ghee, 5 Oz.",366628596,855469006670,N/A,N/A,LesserEvil,Grocery,Popcorns,N/A,N/A,Unbranded,https://i5.walmartimages.com/seo/Lesser-Evil-Popcorn-Oh-My-Ghee-5-Oz_ca5e576f-ff50-48d6-ae33-34c3d6afe4f7.c938462df1bd01aa4b06b0c4c7468616.jpeg,,N/A,https://www.walmart.com/ip/366628596,2.51,https://www.amazon.com/dp/B071VRVX5V,https://www.amazon.com/s?k=Lesser%20Evil%20Popcorn%20Oh%20My%20Ghee%2C%205%20Oz.,https://www.ebay.com/sch/i.html?_nkw=Lesser%20Evil%20Popcorn%20Oh%20My%20Ghee%2C%205%20Oz.,https://www.google.com/search?q=Lesser%20Evil%20Popcorn%20Oh%20My%20Ghee%2C%205%20Oz.,https://seller.walmart.com/catalog/add-items?search=366628596,N/A,no,no,no,1,0,1,22,Ultimate Products+,mfn,$10.29,22,$10.29,$10.29,10.29,2.51,3.21,31.18 %,127.83 %,7.80,4.57,1,$3.79,400+ units sold this month on Amazon,$4.57,$3.45,0,$0.82,8.00%,$0.21,1,$0.09,$0.30 /lb,$0.09,$0.00,$0.00,$0.00,$0.00,0,$0.00,4.6,86,"Pulling package information from B071VRVX5V via amazon.com,3 or less sellers","14.17, 9.84, 3.39 in, 0.31 lbs",14.17,9.84,3.39,0.31,N/A,Computer
"06/16/2025, 03:35 AM PDT","06/16/2025, 06:35 AM EDT","06/16/2025, 05:35 AM CDT","06/16/2025, 03:35 AM PDT","LesserEvil Organic Popcorn, Himalayan Pink Salt Halloween Snack Pack, 0.46 oz, 8 Ct",261209877,855469006359,N/A,N/A,LesserEvil,Grocery,Popcorns,N/A,N/A,2094886,https://i5.walmartimages.com/seo/LesserEvil-Organic-Popcorn-Himalayan-Pink-Salt-Snack-Pack-0-46-oz-8-Ct_4509c6a3-f818-4809-a65e-20833a6aac77.1bc0a444f4ed58c6860e1f8249c6567f.jpeg,,N/A,https://www.walmart.com/ip/261209877,3.81,https://www.amazon.com/dp/B0788C3C98,https://www.amazon.com/s?k=LesserEvil%20Organic%20Popcorn%2C%20Himalayan%20Pink%20Salt%20Halloween%20Snack%20Pack%2C%200.46%20oz%2C%208%20Ct,https://www.ebay.com/sch/i.html?_nkw=LesserEvil%20Organic%20Popcorn%2C%20Himalayan%20Pink%20Salt%20Halloween%20Snack%20Pack%2C%200.46%20oz%2C%208%20Ct,https://www.google.com/search?q=LesserEvil%20Organic%20Popcorn%2C%20Himalayan%20Pink%20Salt%20Halloween%20Snack%20Pack%2C%200.46%20oz%2C%208%20Ct,https://seller.walmart.com/catalog/add-items?search=261209877,N/A,no,no,no,3,0,3,91,Chorum Global,mfn,$12.50,3,$12.50,$15.40,12.5,3.81,3.94,31.56 %,103.53 %,9.20,6.20,1,$5.49,10k+ units sold this month on Amazon,$4.75,$3.45,0,$1.00,8.00%,$0.21,1,$0.09,$0.30 /lb,$0.09,$0.00,$0.00,$0.00,$0.00,0,$0.00,4.5,79,3 or less sellers,"4.00, 10.00, 12.00 in, 0.29 lbs",4.00,10.00,12.00,0.29,N/A,Computer
"06/16/2025, 03:36 AM PDT","06/16/2025, 06:36 AM EDT","06/16/2025, 05:36 AM CDT","06/16/2025, 03:36 AM PDT","LesserEvil, Organic Popcorn, White Cheddar",793927141,855611008361,N/A,N/A,LesserEvil,Grocery,Popcorns,N/A,N/A,2468262,https://i5.walmartimages.com/seo/LesserEvil-Organic-Popcorn-White-Cheddar_ce31789f-2a0e-4cc4-ab47-d25beb35a6e2.ec502010f73cf2e997ecee06df7f2411.jpeg,,N/A,https://www.walmart.com/ip/793927141,2.51,https://www.amazon.com/dp/B07RGXTPQD,https://www.amazon.com/s?k=LesserEvil%2C%20Organic%20Popcorn%2C%20White%20Cheddar,https://www.ebay.com/sch/i.html?_nkw=LesserEvil%2C%20Organic%20Popcorn%2C%20White%20Cheddar,https://www.google.com/search?q=LesserEvil%2C%20Organic%20Popcorn%2C%20White%20Cheddar,https://seller.walmart.com/catalog/add-items?search=793927141,N/A,no,no,no,4,1,3,140,OTCRx4U,wfs,$9.67,4,$9.67,$13.38,9.67,2.51,1.63,16.83 %,64.83 %,7.80,3.31,1,$3.49,N/A,$5.53,$3.45,0,$0.77,8.00%,$0.22,1,$1.09,$0.30 /lb,$0.09,$0.00,$0.00,$0.00,$0.00,0,$0.00,4.3,182,N/A,"3.25, 10.00, 15.75 in, 0.29 lbs",3.25,10.00,15.75,0.29,N/A,Computer
"06/16/2025, 03:38 AM PDT","06/16/2025, 06:38 AM EDT","06/16/2025, 05:38 AM CDT","06/16/2025, 03:38 AM PDT","LesserEvil Organic Power Curls, Himalayan Pink Salt, 4 oz",601031808,855611008125,N/A,N/A,LesserEvil,Grocery,Puffed Snacks,N/A,N/A,N/A,https://i5.walmartimages.com/seo/LesserEvil-Organic-Power-Curls-Himalayan-Pink-Salt-4-oz_7e3ce500-9503-4f56-a0f2-6b90926d00db.d8ba2cd8b25c1c886eabc746917b44f4.png,,N/A,https://www.walmart.com/ip/601031808,3.46,https://www.amazon.com/dp/B07NSVV3PD,https://www.amazon.com/s?k=LesserEvil%20Organic%20Power%20Curls%2C%20Himalayan%20Pink%20Salt%2C%204%20oz,https://www.ebay.com/sch/i.html?_nkw=LesserEvil%20Organic%20Power%20Curls%2C%20Himalayan%20Pink%20Salt%2C%204%20oz,https://www.google.com/search?q=LesserEvil%20Organic%20Power%20Curls%2C%20Himalayan%20Pink%20Salt%2C%204%20oz,https://seller.walmart.com/catalog/add-items?search=601031808,N/A,yes,no,no,1,1,0,8,Super Savings Now,wfs,$10.65,8,$10.65,$10.65,10.65,3.46,2.81,26.41 %,81.29 %,8.60,5.02,1,$12.12,1k+ units sold this month on Amazon,$4.38,$3.45,0,$0.85,8.00%,$0.00,1,$0.07,$0.30 /lb,$0.07,$0.00,$0.00,$0.00,$0.00,0,$0.00,4.5,1141,3 or less sellers,"1.00, 1.00, 1.00 in, 0.25 lbs",1.00,1.00,1.00,0.25,N/A,Computer
"06/16/2025, 03:39 AM PDT","06/16/2025, 06:39 AM EDT","06/16/2025, 05:39 AM CDT","06/16/2025, 03:39 AM PDT","LesserEvil Gluten-Free Power Curls, ""No Cheese"" Cheesiness, 4 oz",695239904,855611008132,N/A,N/A,LesserEvil,Grocery,Puffed Snacks,N/A,N/A,N/A,https://i5.walmartimages.com/seo/LesserEvil-Gluten-Free-Power-Curls-No-Cheese-Cheesiness-4-oz_548ae75f-0a9a-424f-b71f-b5087ce22441.39321e974c39dc30c678a7de97456c01.png,,N/A,https://www.walmart.com/ip/695239904,3.46,https://www.amazon.com/dp/B07NSXV25X,https://www.amazon.com/s?k=LesserEvil%20Gluten-Free%20Power%20Curls%2C%20%22No%20Cheese%22%20Cheesiness%2C%204%20oz,https://www.ebay.com/sch/i.html?_nkw=LesserEvil%20Gluten-Free%20Power%20Curls%2C%20%22No%20Cheese%22%20Cheesiness%2C%204%20oz,https://www.google.com/search?q=LesserEvil%20Gluten-Free%20Power%20Curls%2C%20%22No%20Cheese%22%20Cheesiness%2C%204%20oz,https://seller.walmart.com/catalog/add-items?search=695239904,N/A,no,no,no,3,1,2,209,KKRK,wfs,$16.29,3,$15.10,$18.43,16.29,3.46,6.86,42.12 %,198.30 %,8.60,8.26,1,$13.46,2k+ units sold this month on Amazon,$5.97,$3.45,0,$2.44,15.00%,$0.00,1,$0.07,$0.30 /lb,$0.07,$0.00,$0.00,$0.00,$0.00,0,$0.00,4.3,136,3 or less sellers,"1.00, 1.00, 1.00 in, 0.25 lbs",1.00,1.00,1.00,0.25,N/A,Computer
"06/16/2025, 03:40 AM PDT","06/16/2025, 06:40 AM EDT","06/16/2025, 05:40 AM CDT","06/16/2025, 03:40 AM PDT","LesserEvil Space Balls, Outer Planet Pizza, 5 oz",2112674831,850045947590,Single,1,LesserEvil,Grocery,Puffed Snacks,N/A,N/A,N/A,https://i5.walmartimages.com/seo/LesserEvil-Space-Balls-Outer-Planet-Pizza-5-oz_35dd159e-c5bd-48b4-a9b1-2d08591dd44a.c7916ee622eb28075d18a86c0822ee82.jpeg,,N/A,https://www.walmart.com/ip/2112674831,2.99,https://www.amazon.com/dp/B0D8244QX3,https://www.amazon.com/s?k=LesserEvil%20Space%20Balls%2C%20Outer%20Planet%20Pizza%2C%205%20oz,https://www.ebay.com/sch/i.html?_nkw=LesserEvil%20Space%20Balls%2C%20Outer%20Planet%20Pizza%2C%205%20oz,https://www.google.com/search?q=LesserEvil%20Space%20Balls%2C%20Outer%20Planet%20Pizza%2C%205%20oz,https://seller.walmart.com/catalog/add-items?search=2112674831,N/A,no,no,no,2,0,2,15,saad mart,mfn,$12.59,8,$12.59,$12.65,12.59,2.99,4.86,38.58 %,162.45 %,8.30,6.28,1,$8.97,N/A,$4.74,$3.45,0,$1.01,8.00%,$0.19,1,$0.10,$0.30 /lb,$0.10,$0.00,$0.00,$0.00,$0.00,0,$0.00,4.7,32,"Pulling package information from B0D8244QX3 via amazon.com,3 or less sellers","12.24, 8.74, 4.02 in, 0.33 lbs",12.24,8.74,4.02,0.33,N/A,Computer
"06/16/2025, 03:41 AM PDT","06/16/2025, 06:41 AM EDT","06/16/2025, 05:41 AM CDT","06/16/2025, 03:41 AM PDT","LesserEvil Space Balls, Organic Corn Puffs, Ranch RocketShip, 5 oz",2703221270,850045947613,Single,2,LesserEvil,Grocery,Puffed Snacks,N/A,N/A,N/A,https://i5.walmartimages.com/seo/LesserEvil-Space-Balls-Organic-Corn-Puffs-Ranch-RocketShip-5-oz_d24d0a1c-fc03-4f8b-a464-241ab6c59732.be465cafba94b494e038bc4dbb6bc792.jpeg,,N/A,https://www.walmart.com/ip/2703221270,2.99,https://www.amazon.com/dp/B0D82FV4BJ,https://www.amazon.com/s?k=LesserEvil%20Space%20Balls%2C%20Organic%20Corn%20Puffs%2C%20Ranch%20RocketShip%2C%205%20oz,https://www.ebay.com/sch/i.html?_nkw=LesserEvil%20Space%20Balls%2C%20Organic%20Corn%20Puffs%2C%20Ranch%20RocketShip%2C%205%20oz,https://www.google.com/search?q=LesserEvil%20Space%20Balls%2C%20Organic%20Corn%20Puffs%2C%20Ranch%20RocketShip%2C%205%20oz,https://seller.walmart.com/catalog/add-items?search=2703221270,N/A,yes,no,no,3,0,3,40,HSF Collection,mfn,$11.54,29,$10.80,$12.60,10.8,2.99,3.27,30.29 %,109.41 %,8.25,5.01,1,OOS,100+ units sold this month on Amazon,$4.54,$3.45,0,$0.86,8.00%,$0.13,1,$0.10,$0.30 /lb,$0.10,$0.00,$0.00,$0.00,$0.00,0,$0.00,4.7,49,"The listing has 2 variations,Pulling package information from B0D82FV4BJ via amazon.com,3 or less sellers","11.97, 8.43, 2.87 in, 0.33 lbs",11.97,8.43,2.87,0.33,N/A,Computer
"06/16/2025, 04:03 AM PDT","06/16/2025, 07:03 AM EDT","06/16/2025, 06:03 AM CDT","06/16/2025, 04:03 AM PDT","Gustaf's Allsorts Gourmet English Licorice, 6.3 Oz",108748750,86232440128,N/A,N/A,Gustaf's,Grocery,Licorice Candy,N/A,N/A,44012,https://i5.walmartimages.com/seo/Gustaf-s-Allsorts-Gourmet-English-Licorice-6-3-Oz_31d6e6db-bab7-4500-8158-d6f746eb75dc.02f0fbde4ad58969ad771871326e144b.jpeg,,N/A,https://www.walmart.com/ip/108748750,2.82,https://www.amazon.com/dp/B07D43BBND,https://www.amazon.com/s?k=Gustaf's%20Allsorts%20Gourmet%20English%20Licorice%2C%206.3%20Oz,https://www.ebay.com/sch/i.html?_nkw=Gustaf's%20Allsorts%20Gourmet%20English%20Licorice%2C%206.3%20Oz,https://www.google.com/search?q=Gustaf's%20Allsorts%20Gourmet%20English%20Licorice%2C%206.3%20Oz,https://seller.walmart.com/catalog/add-items?search=108748750,N/A,yes,no,no,2,0,2,116,Candy Retailer,mfn,$11.98,90,$11.98,$11.99,11.98,2.82,4.61,38.46 %,163.37 %,8.00,5.94,1,$7.00,100+ units sold this month on Amazon,$4.55,$3.45,0,$0.96,8.00%,$0.02,1,$0.13,$0.30 /lb,$0.13,$0.00,$0.00,$0.00,$0.00,0,$0.00,2.5,31,"Pulling package information from B07D43BBND via amazon.com,3 or less sellers","6.85, 4.96, 1.26 in, 0.42 lbs",6.85,4.96,1.26,0.42,N/A,Computer
"06/16/2025, 04:24 AM PDT","06/16/2025, 07:24 AM EDT","06/16/2025, 06:24 AM CDT","06/16/2025, 04:24 AM PDT",Life Savers Pep-O-Mint Breath Mints Hard Candy - 6.25 Oz Bag,10804877,19000085030,N/A,N/A,Life Savers,Grocery,Mint Candy,N/A,N/A,08503,https://i5.walmartimages.com/seo/Life-Savers-Pep-O-Mint-Breath-Mints-Hard-Candy-Individually-Wrapped_0c4eea5a-a262-40b9-b263-4bdbcc2dedc1.a608027442fd762286816a1bb862c79a.jpeg,,N/A,https://www.walmart.com/ip/10804877,2.32,https://www.amazon.com/dp/B01I9XPPAO,https://www.amazon.com/s?k=Life%20Savers%20Pep-O-Mint%20Breath%20Mints%20Hard%20Candy%20-%206.25%20Oz%20Bag,https://www.ebay.com/sch/i.html?_nkw=Life%20Savers%20Pep-O-Mint%20Breath%20Mints%20Hard%20Candy%20-%206.25%20Oz%20Bag,https://www.google.com/search?q=Life%20Savers%20Pep-O-Mint%20Breath%20Mints%20Hard%20Candy%20-%206.25%20Oz%20Bag,https://seller.walmart.com/catalog/add-items?search=10804877,N/A,no,yes,no,5,0,5,441,WF Market,mfn,$7.86,32,$7.86,$8.98,7.86,2.32,0.31,3.97 %,13.45 %,7.45,2.11,1,$5.99,500+ units sold this month on Amazon,$5.23,$3.45,0,$0.63,8.00%,$0.03,1,$1.12,$0.30 /lb,$0.12,$0.00,$0.00,$0.00,$0.00,0,$0.00,4.1,83,Pulling package information from B01I9XPPAO via amazon.com,"6.89, 5.91, 1.65 in, 0.40 lbs",6.89,5.91,1.65,0.40,N/A,Computer
"06/16/2025, 04:43 AM PDT","06/16/2025, 07:43 AM EDT","06/16/2025, 06:43 AM CDT","06/16/2025, 04:43 AM PDT",Lily's - Stevia Sweetened Baking Chips 32% Cocoa Milk Chocolate - 9 oz.,499144271,856481003906,N/A,N/A,Lily's,Grocery,Baking Chips,N/A,N/A,Lily's,https://i5.walmartimages.com/seo/Lily-s-Stevia-Sweetened-Baking-Chips-32-Cocoa-Milk-Chocolate-9-oz_2a600404-398b-4e08-b864-9d46cdac69ee.fa6d3bfa08de5d9c5bc2438a503378dd.jpeg,,N/A,https://www.walmart.com/ip/499144271,7.45,https://www.amazon.com/dp/B07R4D8CBD,https://www.amazon.com/s?k=Lily's%20-%20Stevia%20Sweetened%20Baking%20Chips%2032%25%20Cocoa%20Milk%20Chocolate%20-%209%20oz.,https://www.ebay.com/sch/i.html?_nkw=Lily's%20-%20Stevia%20Sweetened%20Baking%20Chips%2032%25%20Cocoa%20Milk%20Chocolate%20-%209%20oz.,https://www.google.com/search?q=Lily's%20-%20Stevia%20Sweetened%20Baking%20Chips%2032%25%20Cocoa%20Milk%20Chocolate%20-%209%20oz.,https://seller.walmart.com/catalog/add-items?search=499144271,N/A,no,no,no,4,0,4,16,Snap to Get,mfn,$17.99,2,$17.99,$21.99,17.99,7.45,4.2,23.36 %,56.40 %,11.95,9.32,1,$8.29,1k+ units sold this month on Amazon,$6.34,$3.45,0,$2.70,15.00%,$0.02,1,$0.17,$0.30 /lb,$0.17,$0.00,$0.00,$0.00,$0.00,0,$0.00,3.5,12,Pulling package information from B07R4D8CBD via amazon.com,"8.86, 4.13, 1.18 in, 0.57 lbs",8.86,4.13,1.18,0.57,N/A,Computer
"06/16/2025, 04:44 AM PDT","06/16/2025, 07:44 AM EDT","06/16/2025, 06:44 AM CDT","06/16/2025, 04:44 AM PDT","Lily's Salted Almond Milk Chocolate Style No Sugar Added Sweets, Bar 3 oz",36324177,856481003050,1,2,Lily's,Grocery,Candy Bars & Miniatures,N/A,N/A,1279009,https://i5.walmartimages.com/seo/Lily-s-Salted-Almond-Milk-Chocolate-Style-No-Sugar-Added-Sweets-Bar-3-oz_50b00234-858d-4d96-9e81-fba4f9ef964d.884cc8e53d82053a72e672a97b1bf58a.jpeg,,N/A,https://www.walmart.com/ip/36324177,3.9,https://www.amazon.com/dp/B00H8HZ11G,https://www.amazon.com/s?k=Lily's%20Salted%20Almond%20Milk%20Chocolate%20Style%20No%20Sugar%20Added%20Sweets%2C%20Bar%203%20oz,https://www.ebay.com/sch/i.html?_nkw=Lily's%20Salted%20Almond%20Milk%20Chocolate%20Style%20No%20Sugar%20Added%20Sweets%2C%20Bar%203%20oz,https://www.google.com/search?q=Lily's%20Salted%20Almond%20Milk%20Chocolate%20Style%20No%20Sugar%20Added%20Sweets%2C%20Bar%203%20oz,https://seller.walmart.com/catalog/add-items?search=36324177,N/A,no,yes,no,3,0,3,40,JAA ,mfn,$11.05,24,$11.05,$13.80,11.05,3.9,2.75,24.91 %,70.59 %,9.05,5.32,1,$9.99,100+ units sold this month on Amazon,$4.40,$3.45,0,$0.88,8.00%,$0.00,1,$0.06,$0.30 /lb,$0.06,$0.00,$0.00,$0.00,$0.00,0,$0.00,4.4,19,"The listing has 2 variations,3 or less sellers","0.41, 2.82, 5.79 in, 0.20 lbs",0.41,2.82,5.79,0.20,N/A,Computer
"06/16/2025, 04:48 AM PDT","06/16/2025, 07:48 AM EDT","06/16/2025, 06:48 AM CDT","06/16/2025, 04:48 AM PDT","Lily’s Sweets Milk Chocolate Style Peanut Butter Cups, 3.2 oz",247047645,810003460400,N/A,N/A,Lily's,Grocery,Cookies,N/A,N/A,N/A,https://i5.walmartimages.com/seo/Lily-s-Sweets-Milk-Chocolate-Style-Peanut-Butter-Cups-3-2-oz_79c188d0-a100-4a4c-bb13-1b5baa21ee40_1.7654a3f9816be411bc34c24a45ac6cad.jpeg,,N/A,https://www.walmart.com/ip/247047645,5.9,https://www.amazon.com/dp/B07Q8NWY76,https://www.amazon.com/s?k=Lily%E2%80%99s%20Sweets%20Milk%20Chocolate%20Style%20Peanut%20Butter%20Cups%2C%203.2%20oz,https://www.ebay.com/sch/i.html?_nkw=Lily%E2%80%99s%20Sweets%20Milk%20Chocolate%20Style%20Peanut%20Butter%20Cups%2C%203.2%20oz,https://www.google.com/search?q=Lily%E2%80%99s%20Sweets%20Milk%20Chocolate%20Style%20Peanut%20Butter%20Cups%2C%203.2%20oz,https://seller.walmart.com/catalog/add-items?search=247047645,N/A,no,yes,no,0,0,0,0,N/A,N/A,0,,,Price,11,5.9,0.69,6.31 %,11.76 %,10.15,5.28,1,$11.22,1k+ units sold this month on Amazon,$4.41,$3.45,0,$0.88,8.00%,$0.03,1,$0.04,$0.30 /lb,$0.04,$0.00,$0.00,$0.00,$0.00,0,$0.00,4.5,12,"Walmart.com is on the listing,Pulling package information from B07Q8NWY76 via amazon.com,3 or less sellers","8.39, 7.76, 1.10 in, 0.15 lbs",8.39,7.76,1.10,0.15,N/A,Computer
"06/16/2025, 04:52 AM PDT","06/16/2025, 07:52 AM EDT","06/16/2025, 06:52 AM CDT","06/16/2025, 04:52 AM PDT","Lindt Classic Recèpe Caramel with Sea Salt Chocolate, 4.4 Oz.",43421526,9542009588,N/A,N/A,Lindt,Grocery,Candy Bars & Miniatures,N/A,N/A,MCLANE500269845,https://i5.walmartimages.com/seo/Lindt-Classic-Rec-pe-Caramel-with-Sea-Salt-Chocolate-4-4-Oz_84285f33-a887-4d92-8152-dcc8579c9cdb_1.6ca0413700d64cda4d3c955741f2eb11.jpeg,,N/A,https://www.walmart.com/ip/43421526,4.32,https://www.amazon.com/dp/B00IXXV3KC,https://www.amazon.com/s?k=Lindt%20Classic%20Rec%C3%A8pe%20Caramel%20with%20Sea%20Salt%20Chocolate%2C%204.4%20Oz.,https://www.ebay.com/sch/i.html?_nkw=Lindt%20Classic%20Rec%C3%A8pe%20Caramel%20with%20Sea%20Salt%20Chocolate%2C%204.4%20Oz.,https://www.google.com/search?q=Lindt%20Classic%20Rec%C3%A8pe%20Caramel%20with%20Sea%20Salt%20Chocolate%2C%204.4%20Oz.,https://seller.walmart.com/catalog/add-items?search=43421526,N/A,yes,no,no,3,2,1,23,The Follow Hub,wfs,$12.00,6,$10.87,$12.00,10.87,4.32,2.14,19.71 %,49.60 %,9.55,5.17,1,OOS,N/A,$4.41,$3.45,0,$0.87,8.00%,$0.00,1,$0.08,$0.30 /lb,$0.08,$0.00,$0.00,$0.00,$0.00,0,$0.00,5,35,3 or less sellers,"0.31, 3.50, 7.56 in, 0.28 lbs",0.31,3.50,7.56,0.28,N/A,Computer
"06/16/2025, 04:55 AM PDT","06/16/2025, 07:55 AM EDT","06/16/2025, 06:55 AM CDT","06/16/2025, 04:55 AM PDT","Lindt Classic Recipe Whole Hazelnut Milk Chocolate Candy Bar, 5.3 oz.",414907176,9542043520,N/A,N/A,Lindt,Grocery,Candy Bars & Miniatures,N/A,N/A,N/A,https://i5.walmartimages.com/seo/Lindt-Classic-Recipe-Whole-Hazelnut-Milk-Chocolate-Candy-Bar-5-3-oz_dd4b6996-fd23-401c-b081-e820dffd3c4f.a245208fa8c03fcf78dd1413743e007f.jpeg,,N/A,https://www.walmart.com/ip/414907176,6.98,https://www.amazon.com/dp/B07N8889WS,https://www.amazon.com/s?k=Lindt%20Classic%20Recipe%20Whole%20Hazelnut%20Milk%20Chocolate%20Candy%20Bar%2C%205.3%20oz.,https://www.ebay.com/sch/i.html?_nkw=Lindt%20Classic%20Recipe%20Whole%20Hazelnut%20Milk%20Chocolate%20Candy%20Bar%2C%205.3%20oz.,https://www.google.com/search?q=Lindt%20Classic%20Recipe%20Whole%20Hazelnut%20Milk%20Chocolate%20Candy%20Bar%2C%205.3%20oz.,https://seller.walmart.com/catalog/add-items?search=414907176,N/A,no,yes,no,4,0,4,46,Over Look,mfn,$16.98,21,$16.98,$22.91,16.98,6.98,3.9,22.96 %,55.85 %,11.35,8.70,1,$13.83,100+ units sold this month on Amazon,$6.10,$3.45,0,$2.55,15.00%,$0.01,1,$0.10,$0.30 /lb,$0.10,$0.00,$0.00,$0.00,$0.00,0,$0.00,4.9,50,N/A,"0.50, 3.50, 7.50 in, 0.33 lbs",0.50,3.50,7.50,0.33,N/A,Computer
"06/16/2025, 11:50 PM PDT","06/17/2025, 02:50 AM EDT","06/17/2025, 01:50 AM CDT","06/16/2025, 11:50 PM PDT","Lindt Classic Recipe Cookies and Creme White Chocolate Candy Bar, 4.2 oz.",981868337,9542425012,3.5 x 0.31 x 7.56,1,Lindt,Grocery,Candy Bars & Miniatures,N/A,N/A,N/A,https://i5.walmartimages.com/seo/Lindt-Classic-Recipe-Cookies-and-Creme-White-Chocolate-Candy-Bar-4-2-oz_b3516cdc-e6b3-4937-8aca-31d0fa1f4761.6918766b94dd436030d0d4075ee9ba05.jpeg,,N/A,https://www.walmart.com/ip/981868337,3.82,https://www.amazon.com/dp/B0BX6PKDKP,https://www.amazon.com/s?k=Lindt%20Classic%20Recipe%20Cookies%20and%20Creme%20White%20Chocolate%20Candy%20Bar%2C%204.2%20oz.,https://www.ebay.com/sch/i.html?_nkw=Lindt%20Classic%20Recipe%20Cookies%20and%20Creme%20White%20Chocolate%20Candy%20Bar%2C%204.2%20oz.,https://www.google.com/search?q=Lindt%20Classic%20Recipe%20Cookies%20and%20Creme%20White%20Chocolate%20Candy%20Bar%2C%204.2%20oz.,https://seller.walmart.com/catalog/add-items?search=981868337,N/A,no,yes,no,2,0,2,3,SuppliedbyAlo,mfn,$9.99,2,$9.99,$15.48,9.99,3.82,0.84,8.40 %,21.97 %,9.00,3.73,1,$11.99,N/A,$5.33,$3.45,0,$0.80,8.00%,$0.00,1,$1.08,$0.30 /lb,$0.08,$0.00,$0.00,$0.00,$0.00,0,$0.00,4.8,25,3 or less sellers,"0.31, 3.50, 7.56 in, 0.26 lbs",0.31,3.50,7.56,0.26,N/A,Computer
"06/16/2025, 11:54 PM PDT","06/17/2025, 02:54 AM EDT","06/17/2025, 01:54 AM CDT","06/16/2025, 11:54 PM PDT","Lindt EXCELLENCE Caramel Sea Salt Dark Chocolate Candy Bar, 3.5 oz. Bar",38323331,37466062273,N/A,N/A,Lindt,Grocery,Candy Bars & Miniatures,N/A,N/A,577882,https://i5.walmartimages.com/seo/Lindt-EXCELLENCE-Caramel-Sea-Salt-Dark-Chocolate-Candy-Bar-3-5-oz-Bar_5f0a4908-d53d-422a-a13f-975c7ec4c75e_1.a94a9d9624d95b3dd7caacce3f426d86.jpeg,,N/A,https://www.walmart.com/ip/38323331,3.82,https://www.amazon.com/dp/B00TDP7KI8,https://www.amazon.com/s?k=Lindt%20EXCELLENCE%20Caramel%20Sea%20Salt%20Dark%20Chocolate%20Candy%20Bar%2C%203.5%20oz.%20Bar,https://www.ebay.com/sch/i.html?_nkw=Lindt%20EXCELLENCE%20Caramel%20Sea%20Salt%20Dark%20Chocolate%20Candy%20Bar%2C%203.5%20oz.%20Bar,https://www.google.com/search?q=Lindt%20EXCELLENCE%20Caramel%20Sea%20Salt%20Dark%20Chocolate%20Candy%20Bar%2C%203.5%20oz.%20Bar,https://seller.walmart.com/catalog/add-items?search=38323331,N/A,no,no,no,3,1,2,21,Cinco Estrellitas,wfs,$12.00,1,$12.00,$14.17,12,3.82,3.7,30.84 %,96.87 %,9.00,6.02,1,OOS,500+ units sold this month on Amazon,$4.48,$3.45,0,$0.96,8.00%,$0.00,1,$0.07,$0.30 /lb,$0.07,$0.00,$0.00,$0.00,$0.00,0,$0.00,4.7,38,3 or less sellers,"0.31, 3.50, 7.56 in, 0.22 lbs",0.31,3.50,7.56,0.22,N/A,Computer
"06/16/2025, 11:55 PM PDT","06/17/2025, 02:55 AM EDT","06/17/2025, 01:55 AM CDT","06/16/2025, 11:55 PM PDT","Lindt EXCELLENCE Chili Dark Chocolate Bar, Easter Chocolate Candy, 3.5 oz.",10824557,37466083315,N/A,N/A,Lindt,Grocery,Candy Bars & Miniatures,N/A,N/A,MCLANE500339903,https://i5.walmartimages.com/seo/Lindt-EXCELLENCE-Chili-Dark-Chocolate-Bar-Easter-Chocolate-Candy-3-5-oz_4ba3b2a9-46c5-4fbc-a6c9-b9ef20937d9c.e955947570bada005906ea0e7292564f.jpeg,,N/A,https://www.walmart.com/ip/10824557,3.82,https://www.amazon.com/dp/B00TDP5KTE,https://www.amazon.com/s?k=Lindt%20EXCELLENCE%20Chili%20Dark%20Chocolate%20Bar%2C%20Easter%20Chocolate%20Candy%2C%203.5%20oz.,https://www.ebay.com/sch/i.html?_nkw=Lindt%20EXCELLENCE%20Chili%20Dark%20Chocolate%20Bar%2C%20Easter%20Chocolate%20Candy%2C%203.5%20oz.,https://www.google.com/search?q=Lindt%20EXCELLENCE%20Chili%20Dark%20Chocolate%20Bar%2C%20Easter%20Chocolate%20Candy%2C%203.5%20oz.,https://seller.walmart.com/catalog/add-items?search=10824557,N/A,no,no,no,1,0,1,3,Smile 'n' Save,mfn,$13.45,3,$13.45,$13.45,13.45,3.82,4.99,37.12 %,130.68 %,9.05,7.05,1,OOS,N/A,$4.64,$3.45,0,$1.08,8.00%,$0.05,1,$0.07,$0.30 /lb,$0.07,$0.00,$0.00,$0.00,$0.00,0,$0.00,4.5,82,3 or less sellers,"4.00, 3.50, 7.56 in, 0.22 lbs",4.00,3.50,7.56,0.22,N/A,Computer
"06/16/2025, 11:59 PM PDT","06/17/2025, 02:59 AM EDT","06/17/2025, 01:59 AM CDT","06/16/2025, 11:59 PM PDT","Lindt EXCELLENCE 78% Cocoa Dark Chocolate Candy Bar, 3.5 oz. Bar",160018012,9542031695,N/A,N/A,Lindt,Grocery,Candy Bars & Miniatures,N/A,N/A,N/A,https://i5.walmartimages.com/seo/Lindt-EXCELLENCE-78-Cocoa-Dark-Chocolate-Bar-Easter-Chocolate-Candy-3-5-oz_4e045ee4-3067-4921-b715-cdccf4b76111.2befe63e5823c716fcc0d0db27afe36f.jpeg,,N/A,https://www.walmart.com/ip/160018012,3.82,https://www.amazon.com/dp/B07LFV3B2B,https://www.amazon.com/s?k=Lindt%20EXCELLENCE%2078%25%20Cocoa%20Dark%20Chocolate%20Candy%20Bar%2C%203.5%20oz.%20Bar,https://www.ebay.com/sch/i.html?_nkw=Lindt%20EXCELLENCE%2078%25%20Cocoa%20Dark%20Chocolate%20Candy%20Bar%2C%203.5%20oz.%20Bar,https://www.google.com/search?q=Lindt%20EXCELLENCE%2078%25%20Cocoa%20Dark%20Chocolate%20Candy%20Bar%2C%203.5%20oz.%20Bar,https://seller.walmart.com/catalog/add-items?search=160018012,N/A,no,no,no,4,1,3,28,SKEMER SAFEWAY LLC,wfs,$12.00,5,$12.00,$12.97,12,3.82,3.7,30.84 %,96.87 %,9.00,6.02,1,OOS,600+ units sold this month on Amazon,$4.48,$3.45,0,$0.96,8.00%,$0.00,1,$0.07,$0.30 /lb,$0.07,$0.00,$0.00,$0.00,$0.00,0,$0.00,4.7,46,N/A,"0.31, 3.50, 7.56 in, 0.22 lbs",0.31,3.50,7.56,0.22,N/A,Computer
"06/17/2025, 12:01 AM PDT","06/17/2025, 03:01 AM EDT","06/17/2025, 02:01 AM CDT","06/17/2025, 12:01 AM PDT","Lindt EXCELLENCE 95% Cocoa Dark Chocolate Candy Bar, 2.8 oz, Bar",546702383,9542034870,Single,1,Lindt,Grocery,Chocolate Candy,N/A,N/A,N/A,https://i5.walmartimages.com/seo/Lindt-EXCELLENCE-95-Cocoa-Dark-Chocolate-Candy-Bar-2-8-oz-Bar_6ba4f821-0525-4367-ad23-9f22de3b6fd5.d87cc01d5bd2bfbdaddff3cae9b0ff5a.jpeg,,N/A,https://www.walmart.com/ip/546702383,3.82,https://www.amazon.com/dp/B07Q1Y3ZS5,https://www.amazon.com/s?k=Lindt%20EXCELLENCE%2095%25%20Cocoa%20Dark%20Chocolate%20Candy%20Bar%2C%202.8%20oz%2C%20Bar,https://www.ebay.com/sch/i.html?_nkw=Lindt%20EXCELLENCE%2095%25%20Cocoa%20Dark%20Chocolate%20Candy%20Bar%2C%202.8%20oz%2C%20Bar,https://www.google.com/search?q=Lindt%20EXCELLENCE%2095%25%20Cocoa%20Dark%20Chocolate%20Candy%20Bar%2C%202.8%20oz%2C%20Bar,https://seller.walmart.com/catalog/add-items?search=546702383,N/A,no,no,no,1,0,1,5,SuppliedbyAlo,mfn,$11.20,5,$11.20,$11.20,11.2,3.82,2.97,26.52 %,77.75 %,8.95,5.43,1,OOS,500+ units sold this month on Amazon,$4.41,$3.45,0,$0.90,8.00%,$0.00,1,$0.06,$0.30 /lb,$0.06,$0.00,$0.00,$0.00,$0.00,0,$0.00,4.6,42,"Pulling package information from B07Q1Y3ZS5 via amazon.com,3 or less sellers","7.56, 3.43, 0.35 in, 0.20 lbs",7.56,3.43,0.35,0.20,N/A,Computer
"06/17/2025, 12:03 AM PDT","06/17/2025, 03:03 AM EDT","06/17/2025, 02:03 AM CDT","06/17/2025, 12:03 AM PDT","Lindt Excellence Extra Creamy Milk Chocolate, 3.5 Oz.",10312256,37466016436,N/A,N/A,Lindt,Grocery,Chocolate Candy,N/A,N/A,00074072,https://i5.walmartimages.com/seo/Lindt-Excellence-Extra-Creamy-Milk-Chocolate-3-5-Oz_95180a3d-ea16-4284-82d6-bdb078226886_1.a2866e80d07c55532664d6c4c4b8f2b1.jpeg,,N/A,https://www.walmart.com/ip/10312256,3.82,https://www.amazon.com/dp/B00AWAYNMO,https://www.amazon.com/s?k=Lindt%20Excellence%20Extra%20Creamy%20Milk%20Chocolate%2C%203.5%20Oz.,https://www.ebay.com/sch/i.html?_nkw=Lindt%20Excellence%20Extra%20Creamy%20Milk%20Chocolate%2C%203.5%20Oz.,https://www.google.com/search?q=Lindt%20Excellence%20Extra%20Creamy%20Milk%20Chocolate%2C%203.5%20Oz.,https://seller.walmart.com/catalog/add-items?search=10312256,N/A,no,no,no,0,0,0,0,N/A,N/A,0,,,Price,9.45,3.82,0.31,3.26 %,8.05 %,9.05,3.30,1,OOS,N/A,$5.32,$3.45,0,$0.76,8.00%,$0.06,1,$1.06,$0.30 /lb,$0.06,$0.00,$0.00,$0.00,$0.00,0,$0.00,5,24,"User edited dimensions/weight,3 or less sellers","7.87, 4.80, 3.62 in, 0.19 lbs",7.87,4.80,3.62,0.19,N/A,Computer
"06/17/2025, 12:08 AM PDT","06/17/2025, 03:08 AM EDT","06/17/2025, 02:08 AM CDT","06/17/2025, 12:08 AM PDT","Lindt Excellence Coconut White Chocolate Candy Bar, 3.5 oz.",250594082,37466016467,N/A,N/A,Lindt,Grocery,Candy Bars & Miniatures,N/A,N/A,HG0111864,https://i5.walmartimages.com/seo/Lindt-Excellence-Coconut-White-Chocolate-Candy-Bar-3-5-oz_45b400cf-c629-4156-8d49-42b2a5cdf523.bff8b75fa87b035e40c31b197db707c6.jpeg,,N/A,https://www.walmart.com/ip/250594082,3.82,https://www.amazon.com/dp/B00TDP7E8O,https://www.amazon.com/s?k=Lindt%20Excellence%20Coconut%20White%20Chocolate%20Candy%20Bar%2C%203.5%20oz.,https://www.ebay.com/sch/i.html?_nkw=Lindt%20Excellence%20Coconut%20White%20Chocolate%20Candy%20Bar%2C%203.5%20oz.,https://www.google.com/search?q=Lindt%20Excellence%20Coconut%20White%20Chocolate%20Candy%20Bar%2C%203.5%20oz.,https://seller.walmart.com/catalog/add-items?search=250594082,N/A,no,no,no,2,0,2,9,SuppliedbyAlo,mfn,$12.99,5,$12.99,$16.99,12.99,3.82,4.61,35.50 %,120.71 %,9.00,6.74,1,OOS,N/A,$4.56,$3.45,0,$1.04,8.00%,$0.00,1,$0.07,$0.30 /lb,$0.07,$0.00,$0.00,$0.00,$0.00,0,$0.00,4.7,27,3 or less sellers,"0.31, 3.50, 7.56 in, 0.22 lbs",0.31,3.50,7.56,0.22,N/A,Computer
"06/17/2025, 12:13 AM PDT","06/17/2025, 03:13 AM EDT","06/17/2025, 02:13 AM CDT","06/17/2025, 12:13 AM PDT","Lindt Lindor White Chocolate Truffle Candy Bar, 3.5 oz.",21119186,37466080093,N/A,N/A,Lindt,Grocery,Candy Bars & Miniatures,N/A,N/A,037466080093,https://i5.walmartimages.com/seo/Lindt-Lindor-White-Chocolate-Truffle-Candy-Bar-3-5-oz_915ffbeb-7eaf-42fd-8bbf-f5e4e52c5609.8c5929d4e4130d3eeee15165afcff106.jpeg,,N/A,https://www.walmart.com/ip/21119186,3.82,https://www.amazon.com/dp/B001SB1B9E,https://www.amazon.com/s?k=Lindt%20Lindor%20White%20Chocolate%20Truffle%20Candy%20Bar%2C%203.5%20oz.,https://www.ebay.com/sch/i.html?_nkw=Lindt%20Lindor%20White%20Chocolate%20Truffle%20Candy%20Bar%2C%203.5%20oz.,https://www.google.com/search?q=Lindt%20Lindor%20White%20Chocolate%20Truffle%20Candy%20Bar%2C%203.5%20oz.,https://seller.walmart.com/catalog/add-items?search=21119186,N/A,no,no,no,2,0,2,3443,Smart Cart,mfn,$13.24,3433,$13.24,$13.88,13.24,3.82,4.84,36.57 %,126.73 %,9.00,6.93,1,OOS,N/A,$4.58,$3.45,0,$1.06,8.00%,$0.00,1,$0.07,$0.30 /lb,$0.07,$0.00,$0.00,$0.00,$0.00,0,$0.00,4.9,26,3 or less sellers,"7.56, 3.50, 0.31 in, 0.22 lbs",7.56,3.50,0.31,0.22,N/A,Computer
"06/17/2025, 12:15 AM PDT","06/17/2025, 03:15 AM EDT","06/17/2025, 02:15 AM CDT","06/17/2025, 12:15 AM PDT",Lindt Swiss Surfin Bittersweet Dark Chocolate Gold Bar,37754046,37466019581,N/A,N/A,Lindt & Sprungli,Grocery,Chocolate Candy,N/A,N/A,8008,https://i5.walmartimages.com/seo/Lindt-Swiss-Surfin-Bittersweet-Dark-Chocolate-Gold-Bar_98f06e42-1d40-43c4-a45a-d35d49c2c81a.a2a34ad35f7f1f6a6a53b802b4b75d9c.jpeg,,N/A,https://www.walmart.com/ip/37754046,9.1,https://www.amazon.com/dp/B002ULAOLW,https://www.amazon.com/s?k=Lindt%20Swiss%20Surfin%20Bittersweet%20Dark%20Chocolate%20Gold%20Bar,https://www.ebay.com/sch/i.html?_nkw=Lindt%20Swiss%20Surfin%20Bittersweet%20Dark%20Chocolate%20Gold%20Bar,https://www.google.com/search?q=Lindt%20Swiss%20Surfin%20Bittersweet%20Dark%20Chocolate%20Gold%20Bar,https://seller.walmart.com/catalog/add-items?search=37754046,N/A,no,no,no,2,0,2,540,Semper Altior LLC,mfn,$17.67,59,$17.67,$21.55,17.67,9.1,2.26,12.76 %,24.79 %,13.80,9.08,1,$18.00,N/A,$6.31,$3.45,0,$2.65,15.00%,$0.01,1,$0.20,$0.30 /lb,$0.20,$0.00,$0.00,$0.00,$0.00,0,$0.00,4.6,57,"Pulling package information from B002ULAOLW via amazon.com,3 or less sellers","11.73, 3.58, 0.55 in, 0.68 lbs",11.73,3.58,0.55,0.68,N/A,Computer
"06/17/2025, 12:20 AM PDT","06/17/2025, 03:20 AM EDT","06/17/2025, 02:20 AM CDT","06/17/2025, 12:20 AM PDT","Lindt Lindor, Easter Blueberries & Cream White Chocolate Candy Truffles, 8.5 oz Bag, 1 Count",332215477,9542431334,N/A,N/A,Lindt,Grocery,Chocolate Truffles,N/A,N/A,N/A,https://i5.walmartimages.com/seo/Lindt-Lindor-Easter-Blueberries-Cream-White-Chocolate-Candy-Truffles-8-5-oz-Bag-1-Count_71f63c47-299a-45a4-9c41-4880d0fa16bd.42096e48d34b0b7aaf2c594cf2337f48.jpeg,,N/A,https://www.walmart.com/ip/332215477,8.38,https://www.amazon.com/dp/B09S28PTX7,https://www.amazon.com/s?k=Lindt%20Lindor%2C%20Easter%20Blueberries%20%26%20Cream%20White%20Chocolate%20Candy%20Truffles%2C%208.5%20oz%20Bag%2C%201%20Count,https://www.ebay.com/sch/i.html?_nkw=Lindt%20Lindor%2C%20Easter%20Blueberries%20%26%20Cream%20White%20Chocolate%20Candy%20Truffles%2C%208.5%20oz%20Bag%2C%201%20Count,https://www.google.com/search?q=Lindt%20Lindor%2C%20Easter%20Blueberries%20%26%20Cream%20White%20Chocolate%20Candy%20Truffles%2C%208.5%20oz%20Bag%2C%201%20Count,https://seller.walmart.com/catalog/add-items?search=332215477,N/A,no,yes,no,1,0,1,6,Buckeye RT,mfn,$17.99,6,$17.99,$17.99,17.99,8.38,3.26,18.14 %,38.95 %,13.00,9.32,1,$13.89,N/A,$6.35,$3.45,0,$2.70,15.00%,$0.04,1,$0.16,$0.30 /lb,$0.16,$0.00,$0.00,$0.00,$0.00,0,$0.00,4.4,37,3 or less sellers,"2.38, 4.31, 8.63 in, 0.53 lbs",2.38,4.31,8.63,0.53,N/A,Computer
"06/17/2025, 12:22 AM PDT","06/17/2025, 03:22 AM EDT","06/17/2025, 02:22 AM CDT","06/17/2025, 12:22 AM PDT","Lindt Chocolate Tulips, Milk Chocolate Candy, Easter Chocolate, 1.9 oz, 4 Count",699504664,9542438609,N/A,N/A,Lindt,Grocery,Chocolate Candy,N/A,N/A,N/A,https://i5.walmartimages.com/seo/Lindt-Chocolate-Tulips-Milk-Chocolate-Candy-Easter-Chocolate-1-9-oz-4-Count_d6146a55-ae52-4c58-b05c-2062fb40aadd.b5bdd31e306d0734cf4c8fb08eb6dadc.jpeg,,N/A,https://www.walmart.com/ip/699504664,5.73,https://www.amazon.com/dp/B0BWFT58P9,https://www.amazon.com/s?k=Lindt%20Chocolate%20Tulips%2C%20Milk%20Chocolate%20Candy%2C%20Easter%20Chocolate%2C%201.9%20oz%2C%204%20Count,https://www.ebay.com/sch/i.html?_nkw=Lindt%20Chocolate%20Tulips%2C%20Milk%20Chocolate%20Candy%2C%20Easter%20Chocolate%2C%201.9%20oz%2C%204%20Count,https://www.google.com/search?q=Lindt%20Chocolate%20Tulips%2C%20Milk%20Chocolate%20Candy%2C%20Easter%20Chocolate%2C%201.9%20oz%2C%204%20Count,https://seller.walmart.com/catalog/add-items?search=699504664,N/A,no,no,no,5,1,4,38,Cinco Estrellitas,wfs,$11.00,20,$9.99,$14.21,11,5.73,0.87,7.91 %,15.19 %,10.00,5.28,1,$8.50,N/A,$4.40,$3.45,0,$0.88,8.00%,$0.02,1,$0.05,$0.30 /lb,$0.05,$0.00,$0.00,$0.00,$0.00,0,$0.00,4.5,16,Pulling package information from B0BWFT58P9 via amazon.com,"5.51, 4.96, 1.34 in, 0.18 lbs",5.51,4.96,1.34,0.18,N/A,Computer
"06/17/2025, 12:28 AM PDT","06/17/2025, 03:28 AM EDT","06/17/2025, 02:28 AM CDT","06/17/2025, 12:28 AM PDT","Lindt CLASSIC RECIPE Milk Chocolate Candy Individually Wrapped Pieces, 6.0 oz. Pouch",1771513030,9542445140,N/A,N/A,Lindt & Sprungli,Grocery,Chocolate Candy,N/A,N/A,N/A,https://i5.walmartimages.com/seo/Lindt-CLASSIC-RECIPE-Milk-Chocolate-Candy-Individually-Wrapped-Pieces-6-0-oz-Pouch_7e3fb8b7-91a9-4bda-995e-ec48231746ec.658ea5b5c5c5df4237ed83d2f9366d65.jpeg,,N/A,https://www.walmart.com/ip/1771513030,5.92,https://www.amazon.com/dp/B0CMJPJ1YR,https://www.amazon.com/s?k=Lindt%20CLASSIC%20RECIPE%20Milk%20Chocolate%20Candy%20Individually%20Wrapped%20Pieces%2C%206.0%20oz.%20Pouch,https://www.ebay.com/sch/i.html?_nkw=Lindt%20CLASSIC%20RECIPE%20Milk%20Chocolate%20Candy%20Individually%20Wrapped%20Pieces%2C%206.0%20oz.%20Pouch,https://www.google.com/search?q=Lindt%20CLASSIC%20RECIPE%20Milk%20Chocolate%20Candy%20Individually%20Wrapped%20Pieces%2C%206.0%20oz.%20Pouch,https://seller.walmart.com/catalog/add-items?search=1771513030,N/A,no,yes,no,1,0,1,13,Sharks 0 Hut LLC,mfn,$20.90,13,$20.90,$20.90,20.9,5.92,8.24,39.41 %,139.14 %,10.25,11.33,1,$14.94,N/A,$6.74,$3.45,0,$3.13,15.00%,$0.04,1,$0.12,$0.30 /lb,$0.12,$0.00,$0.00,$0.00,$0.00,0,$0.00,4.8,51,"Pulling package information from B0CMJPJ1YR via amazon.com,3 or less sellers","7.68, 6.18, 1.85 in, 0.40 lbs",7.68,6.18,1.85,0.40,N/A,Computer
"06/17/2025, 12:33 AM PDT","06/17/2025, 03:33 AM EDT","06/17/2025, 02:33 AM CDT","06/17/2025, 12:33 AM PDT","Lindt Gold Bunny, Milk Chocolate, Easter Chocolate Candy Bunny, 3.5 oz, 1 Count",23267883,37466018287,N/A,N/A,Lindt,Grocery,Chocolate Candy,N/A,N/A,360735,https://i5.walmartimages.com/seo/Lindt-Gold-Bunny-Milk-Chocolate-Easter-Chocolate-Candy-Bunny-3-5-oz-1-Count_0138e32c-b97e-4dab-9b53-942f0960462c.c9ae5a41cd203c65d96ad6095845cb90.jpeg,,N/A,https://www.walmart.com/ip/23267883,5.85,https://www.amazon.com/dp/B07MDY93JG,https://www.amazon.com/s?k=Lindt%20Gold%20Bunny%2C%20Milk%20Chocolate%2C%20Easter%20Chocolate%20Candy%20Bunny%2C%203.5%20oz%2C%201%20Count,https://www.ebay.com/sch/i.html?_nkw=Lindt%20Gold%20Bunny%2C%20Milk%20Chocolate%2C%20Easter%20Chocolate%20Candy%20Bunny%2C%203.5%20oz%2C%201%20Count,https://www.google.com/search?q=Lindt%20Gold%20Bunny%2C%20Milk%20Chocolate%2C%20Easter%20Chocolate%20Candy%20Bunny%2C%203.5%20oz%2C%201%20Count,https://seller.walmart.com/catalog/add-items?search=23267883,Best seller,no,yes,no,2,0,2,10,ShopNdSave,mfn,$13.04,5,$13.04,$19.34,13.04,5.85,2.62,20.08 %,44.76 %,10.10,6.77,1,$10.99,N/A,$4.57,$3.45,0,$1.04,8.00%,$0.01,1,$0.07,$0.30 /lb,$0.07,$0.00,$0.00,$0.00,$0.00,0,$0.00,4.2,154,"Pulling package information from B07MDY93JG via amazon.com,3 or less sellers","4.49, 3.35, 1.89 in, 0.22 lbs",4.49,3.35,1.89,0.22,N/A,Computer
"06/17/2025, 12:35 AM PDT","06/17/2025, 03:35 AM EDT","06/17/2025, 02:35 AM CDT","06/17/2025, 12:35 AM PDT","Lindt Valentine's Day Gourmet Truffles Assorted Chocolate Candy Heart, 6.7 oz. Gift Box",6821100662,9542449773,N/A,N/A,Lindt,Grocery,Chocolate Truffles,N/A,N/A,N/A,https://i5.walmartimages.com/seo/Lindt-Valentine-s-Day-Gourmet-Truffles-Assorted-Chocolate-Candy-Heart-6-7-oz-Gift-Box_709ddcb6-644e-4d30-b314-6241176ed3a4.11653e3ced65ee6eb3767416ce1faae1.jpeg,,N/A,https://www.walmart.com/ip/6821100662,16.17,https://www.amazon.com/dp/B0D1LWZFFT,https://www.amazon.com/s?k=Lindt%20Valentine's%20Day%20Gourmet%20Truffles%20Assorted%20Chocolate%20Candy%20Heart%2C%206.7%20oz.%20Gift%20Box,https://www.ebay.com/sch/i.html?_nkw=Lindt%20Valentine's%20Day%20Gourmet%20Truffles%20Assorted%20Chocolate%20Candy%20Heart%2C%206.7%20oz.%20Gift%20Box,https://www.google.com/search?q=Lindt%20Valentine's%20Day%20Gourmet%20Truffles%20Assorted%20Chocolate%20Candy%20Heart%2C%206.7%20oz.%20Gift%20Box,https://seller.walmart.com/catalog/add-items?search=6821100662,N/A,no,yes,no,1,0,1,20,Marvelously Curated,mfn,$26.88,20,$26.88,$26.88,26.88,16.17,3.04,11.30 %,18.79 %,23.20,15.37,1,$19.93,N/A,$7.67,$3.45,0,$4.03,15.00%,$0.06,1,$0.13,$0.30 /lb,$0.13,$0.00,$0.00,$0.00,$0.00,0,$0.00,5,15,3 or less sellers,"1.43, 9.75, 10.50 in, 0.42 lbs",1.43,9.75,10.50,0.42,N/A,Computer
"06/17/2025, 12:37 AM PDT","06/17/2025, 03:37 AM EDT","06/17/2025, 02:37 AM CDT","06/17/2025, 12:37 AM PDT","Lindt Gourmet Truffles Assorted Chocolate Candy, Gift Box, 2.8 oz",761610972,9542430184,Single,1,Lindt,Grocery,Chocolate Truffles,N/A,N/A,N/A,https://i5.walmartimages.com/seo/Lindt-Gourmet-Truffles-Assorted-Chocolate-Candy-Gift-Box-2-8-oz_0b61b830-c274-4b3c-84bd-a9458d4511ed.3e33c410f7e3a3633ae263dc96fd261b.jpeg,,N/A,https://www.walmart.com/ip/761610972,6.98,N/A,https://www.amazon.com/s?k=Lindt%20Gourmet%20Truffles%20Assorted%20Chocolate%20Candy%2C%20Gift%20Box%2C%202.8%20oz,https://www.ebay.com/sch/i.html?_nkw=Lindt%20Gourmet%20Truffles%20Assorted%20Chocolate%20Candy%2C%20Gift%20Box%2C%202.8%20oz,https://www.google.com/search?q=Lindt%20Gourmet%20Truffles%20Assorted%20Chocolate%20Candy%2C%20Gift%20Box%2C%202.8%20oz,https://seller.walmart.com/catalog/add-items?search=761610972,Best seller,no,no,no,5,0,5,65,EZ MARTZ,mfn,$14.88,7,$14.88,$22.91,14.88,6.98,3.19,21.44 %,45.71 %,11.35,8.14,1,NA,N/A,$4.71,$3.45,0,$1.19,8.00%,$0.02,1,$0.05,$0.30 /lb,$0.05,$0.00,$0.00,$0.00,$0.00,0,$0.00,4.4,41,N/A,"1.38, 5.50, 5.50 in, 0.17 lbs",1.38,5.50,5.50,0.17,N/A,Computer
"06/17/2025, 12:39 AM PDT","06/17/2025, 03:39 AM EDT","06/17/2025, 02:39 AM CDT","06/17/2025, 12:39 AM PDT","Lindt LINDOR Milk Chocolate Christmas Candy Truffles Favor Gift, 2.1 oz.",3735897993,9542428679,Single,2,Lindt,Grocery,Chocolate Truffles,N/A,N/A,N/A,https://i5.walmartimages.com/seo/Lindt-LINDOR-Milk-Chocolate-Christmas-Candy-Truffles-Favor-Gift-2-1-oz_bac0d142-bcd8-4c81-9416-30e840f33879.6d2cea53fb7e11dd7d9b5b3763ac7e30.jpeg,,N/A,https://www.walmart.com/ip/3735897993,1.35,N/A,https://www.amazon.com/s?k=Lindt%20LINDOR%20Milk%20Chocolate%20Christmas%20Candy%20Truffles%20Favor%20Gift%2C%202.1%20oz.,https://www.ebay.com/sch/i.html?_nkw=Lindt%20LINDOR%20Milk%20Chocolate%20Christmas%20Candy%20Truffles%20Favor%20Gift%2C%202.1%20oz.,https://www.google.com/search?q=Lindt%20LINDOR%20Milk%20Chocolate%20Christmas%20Candy%20Truffles%20Favor%20Gift%2C%202.1%20oz.,https://seller.walmart.com/catalog/add-items?search=3735897993,N/A,no,no,no,1,0,1,1,Fanci Innovations LLC,mfn,$9.99,1,$9.99,$9.99,9.99,1.35,3.35,33.50 %,247.87 %,6.25,3.76,1,NA,N/A,$5.29,$3.45,0,$0.80,8.00%,$0.01,1,$1.04,$0.30 /lb,$0.04,$0.00,$0.00,$0.00,$0.00,0,$0.00,4.9,18,"The listing has 2 variations,3 or less sellers","1.38, 1.38, 6.75 in, 0.13 lbs",1.38,1.38,6.75,0.13,N/A,Computer
"06/17/2025, 12:43 AM PDT","06/17/2025, 03:43 AM EDT","06/17/2025, 02:43 AM CDT","06/17/2025, 12:43 AM PDT","Lindt LINDOR Birthday Cake White Chocolate Candy Truffles, 8.5 oz, Bag",1196015452,9542441357,Single,1,Lindt,Grocery,Chocolate Truffles,N/A,N/A,N/A,https://i5.walmartimages.com/seo/Lindt-LINDOR-Birthday-Cake-White-Chocolate-Candy-Truffles-8-5-oz-Bag_bbe9fcee-b3dc-4e65-a2ed-820d2ae814c5.f4884f9857dafbcdced3164a2826e686.jpeg,,N/A,https://www.walmart.com/ip/1196015452,10.81,https://www.amazon.com/dp/B0D897VJXN,https://www.amazon.com/s?k=Lindt%20LINDOR%20Birthday%20Cake%20White%20Chocolate%20Candy%20Truffles%2C%208.5%20oz%2C%20Bag,https://www.ebay.com/sch/i.html?_nkw=Lindt%20LINDOR%20Birthday%20Cake%20White%20Chocolate%20Candy%20Truffles%2C%208.5%20oz%2C%20Bag,https://www.google.com/search?q=Lindt%20LINDOR%20Birthday%20Cake%20White%20Chocolate%20Candy%20Truffles%2C%208.5%20oz%2C%20Bag,https://seller.walmart.com/catalog/add-items?search=1196015452,N/A,yes,no,no,2,0,2,11,5StarServices,mfn,$22.98,1,$22.98,$22.99,22.98,10.81,5.07,22.06 %,46.90 %,16.90,12.70,1,OOS,50+ units sold this month on Amazon,$7.10,$3.45,0,$3.45,15.00%,$0.04,1,$0.16,$0.30 /lb,$0.16,$0.00,$0.00,$0.00,$0.00,0,$0.00,4.6,61,3 or less sellers,"2.50, 4.50, 9.13 in, 0.53 lbs",2.50,4.50,9.13,0.53,N/A,Computer
"06/17/2025, 12:45 AM PDT","06/17/2025, 03:45 AM EDT","06/17/2025, 02:45 AM CDT","06/17/2025, 12:45 AM PDT","Lindt Lindor Dark Chocolate Truffle Candy Bar, 3.5 oz.",5482019927,9542450557,N/A,N/A,Lindt,Grocery,Chocolate Truffles,N/A,N/A,N/A,https://i5.walmartimages.com/seo/Lindt-Lindor-Dark-Chocolate-Truffle-Candy-Bar-3-5-oz_38f1314e-1be3-4be7-9541-bc8d0d9b7c78.798448616630403fb6f468f6792bf738.jpeg,,N/A,https://www.walmart.com/ip/5482019927,3.59,https://www.amazon.com/dp/B0DJV2B1QJ,https://www.amazon.com/s?k=Lindt%20Lindor%20Dark%20Chocolate%20Truffle%20Candy%20Bar%2C%203.5%20oz.,https://www.ebay.com/sch/i.html?_nkw=Lindt%20Lindor%20Dark%20Chocolate%20Truffle%20Candy%20Bar%2C%203.5%20oz.,https://www.google.com/search?q=Lindt%20Lindor%20Dark%20Chocolate%20Truffle%20Candy%20Bar%2C%203.5%20oz.,https://seller.walmart.com/catalog/add-items?search=5482019927,N/A,yes,no,no,1,0,1,12,Smart Cart,mfn,$13.44,12,$13.44,$13.44,13.44,3.59,5.26,39.10 %,146.38 %,8.75,7.08,1,OOS,N/A,$4.59,$3.45,0,$1.08,8.00%,$0.00,1,$0.07,$0.30 /lb,$0.07,$0.00,$0.00,$0.00,$0.00,0,$0.00,4.7,54,3 or less sellers,"0.43, 3.03, 6.33 in, 0.22 lbs",0.43,3.03,6.33,0.22,N/A,Computer
"06/17/2025, 12:57 AM PDT","06/17/2025, 03:57 AM EDT","06/17/2025, 02:57 AM CDT","06/17/2025, 12:57 AM PDT","Lindt Lindor Milk Chocolate Truffle Candy Bar, 3.5 oz.",5505461503,9542450595,Single,2,Lindt,Grocery,Chocolate Truffles,N/A,N/A,N/A,https://i5.walmartimages.com/seo/Lindt-Lindor-Milk-Chocolate-Truffle-Candy-Bar-3-5-oz_a71aad09-c07b-42c3-86a2-621899bde1e5.b3e8f1a96b338ed8b0f4aa7a28eb3de1.jpeg,,N/A,https://www.walmart.com/ip/5505461503,3.59,https://www.amazon.com/dp/B0DJV1JYYL,https://www.amazon.com/s?k=Lindt%20Lindor%20Milk%20Chocolate%20Truffle%20Candy%20Bar%2C%203.5%20oz.,https://www.ebay.com/sch/i.html?_nkw=Lindt%20Lindor%20Milk%20Chocolate%20Truffle%20Candy%20Bar%2C%203.5%20oz.,https://www.google.com/search?q=Lindt%20Lindor%20Milk%20Chocolate%20Truffle%20Candy%20Bar%2C%203.5%20oz.,https://seller.walmart.com/catalog/add-items?search=5505461503,Best seller,no,no,no,2,0,2,65,WYZONIC LLC,mfn,$12.95,5,$12.93,$12.95,12.95,3.59,4.8,37.10 %,133.83 %,8.75,6.72,1,OOS,N/A,$4.56,$3.45,0,$1.04,8.00%,$0.00,1,$0.07,$0.30 /lb,$0.07,$0.00,$0.00,$0.00,$0.00,0,$0.00,4.8,119,"The listing has 2 variations,3 or less sellers","0.43, 3.03, 6.33 in, 0.22 lbs",0.43,3.03,6.33,0.22,N/A,Computer
"06/17/2025, 12:59 AM PDT","06/17/2025, 03:59 AM EDT","06/17/2025, 02:59 AM CDT","06/17/2025, 12:59 AM PDT","Lindt LINDOR Milk Chocolate Candy Truffles, 2.1 oz. Bag",5491003776,9542447779,Single,1,Lindt,Grocery,Chocolate Truffles,N/A,N/A,N/A,https://i5.walmartimages.com/seo/Lindt-LINDOR-Milk-Chocolate-Candy-Truffles-2-1-oz-Bag_8a4d5a11-160c-4213-bb3a-d19afc80d076.85dff486ac3a3ca23c7d2f0872b242c1.jpeg,,N/A,https://www.walmart.com/ip/5491003776,2.88,N/A,https://www.amazon.com/s?k=Lindt%20LINDOR%20Milk%20Chocolate%20Candy%20Truffles%2C%202.1%20oz.%20Bag,https://www.ebay.com/sch/i.html?_nkw=Lindt%20LINDOR%20Milk%20Chocolate%20Candy%20Truffles%2C%202.1%20oz.%20Bag,https://www.google.com/search?q=Lindt%20LINDOR%20Milk%20Chocolate%20Candy%20Truffles%2C%202.1%20oz.%20Bag,https://seller.walmart.com/catalog/add-items?search=5491003776,N/A,yes,no,no,1,0,1,20,MM Traders,mfn,$10.20,20,$10.20,$10.20,10.2,2.88,2.92,28.67 %,101.55 %,8.00,4.64,1,NA,N/A,$4.40,$3.45,0,$0.82,8.00%,$0.02,1,$0.10,$0.30 /lb,$0.10,$0.00,$0.00,$0.00,$0.00,0,$0.00,4.8,987,"For better accuracy, we’ve used dimensions from B00TDP2Y8Y to provide more precise estimates,3 or less sellers","7.44, 3.90, 1.93 in, 0.35 lbs",7.44,3.90,1.93,0.35,N/A,Computer
"06/17/2025, 01:00 AM PDT","06/17/2025, 04:00 AM EDT","06/17/2025, 03:00 AM CDT","06/17/2025, 01:00 AM PDT","Lindt LINDOR Milk Chocolate Truffles Gift Box, 8.4 oz.",1243670855,9542436100,N/A,N/A,Lindt,Grocery,Chocolate Truffles,N/A,N/A,N/A,https://i5.walmartimages.com/seo/Lindt-LINDOR-Milk-Chocolate-Truffles-Gift-Box-8-4-oz_cc0bdc75-3cf7-4bfd-8132-93e9eea35223.b8da73d5d8f22b14cb615afdb0b13f5f.jpeg,,N/A,https://www.walmart.com/ip/1243670855,10.81,https://www.amazon.com/dp/B0CXFCLYSW,https://www.amazon.com/s?k=Lindt%20LINDOR%20Milk%20Chocolate%20Truffles%20Gift%20Box%2C%208.4%20oz.,https://www.ebay.com/sch/i.html?_nkw=Lindt%20LINDOR%20Milk%20Chocolate%20Truffles%20Gift%20Box%2C%208.4%20oz.,https://www.google.com/search?q=Lindt%20LINDOR%20Milk%20Chocolate%20Truffles%20Gift%20Box%2C%208.4%20oz.,https://seller.walmart.com/catalog/add-items?search=1243670855,N/A,no,yes,no,2,0,2,9,BRIGHT WAVE LLC,mfn,$17.90,4,$17.90,$21.27,17.9,10.81,0.68,3.78 %,6.26 %,17.00,9.19,1,$15.99,50+ units sold this month on Amazon,$6.41,$3.45,0,$2.69,15.00%,$0.12,1,$0.16,$0.30 /lb,$0.16,$0.00,$0.00,$0.00,$0.00,0,$0.00,4.8,980,3 or less sellers,"9.33, 4.29, 6.89 in, 0.53 lbs",9.33,4.29,6.89,0.53,N/A,Computer
"06/17/2025, 01:02 AM PDT","06/17/2025, 04:02 AM EDT","06/17/2025, 03:02 AM CDT","06/17/2025, 01:02 AM PDT","Lindt LINDOR Milk Chocolate Christmas Candy Truffles, 0.8 oz. Mini Bag",175904900,9542015855,Single,2,Lindt,Grocery,Chocolate Truffles,N/A,N/A,N/A,https://i5.walmartimages.com/seo/Lindt-LINDOR-Milk-Chocolate-Christmas-Candy-Truffles-0-8-oz-Mini-Bag_15aa5df6-c0a7-4160-9f8f-c9464037ed53.179eefd67143b73ef77458e4c4f059b9.jpeg,,N/A,https://www.walmart.com/ip/175904900,1.45,N/A,https://www.amazon.com/s?k=Lindt%20LINDOR%20Milk%20Chocolate%20Christmas%20Candy%20Truffles%2C%200.8%20oz.%20Mini%20Bag,https://www.ebay.com/sch/i.html?_nkw=Lindt%20LINDOR%20Milk%20Chocolate%20Christmas%20Candy%20Truffles%2C%200.8%20oz.%20Mini%20Bag,https://www.google.com/search?q=Lindt%20LINDOR%20Milk%20Chocolate%20Christmas%20Candy%20Truffles%2C%200.8%20oz.%20Mini%20Bag,https://seller.walmart.com/catalog/add-items?search=175904900,N/A,no,no,no,2,0,2,7,Smile 'n' Save,mfn,$7.63,2,$7.63,$12.99,7.63,1.45,1.1,14.39 %,75.71 %,6.35,2.04,1,NA,N/A,$5.08,$3.45,0,$0.61,8.00%,$0.01,1,$1.01,$0.30 /lb,$0.01,$0.00,$0.00,$0.00,$0.00,0,$0.00,4.1,91,"The listing has 2 variations,3 or less sellers","1.57, 2.36, 4.25 in, 0.05 lbs",1.57,2.36,4.25,0.05,N/A,Computer
"06/17/2025, 01:06 AM PDT","06/17/2025, 04:06 AM EDT","06/17/2025, 03:06 AM CDT","06/17/2025, 01:06 AM PDT",Lindt - Lindor Double Chocolate Bag - Case of 6-5.1 OZ,975581751,9542435035,N/A,N/A,Lindt,Grocery,Chocolate Truffles,N/A,N/A,N/A,https://i5.walmartimages.com/seo/Lindt-Lindor-Double-Chocolate-Bag-Case-of-6-5-1-OZ_c4e429ee-abb8-4cd0-afe5-8e90717dee75.02ab7514684dc0a63e65785483a1fa4a.jpeg,,N/A,https://www.walmart.com/ip/975581751,6.38,https://www.amazon.com/dp/B08XC4HRBP,https://www.amazon.com/s?k=Lindt%20-%20Lindor%20Double%20Chocolate%20Bag%20-%20Case%20of%206-5.1%20OZ,https://www.ebay.com/sch/i.html?_nkw=Lindt%20-%20Lindor%20Double%20Chocolate%20Bag%20-%20Case%20of%206-5.1%20OZ,https://www.google.com/search?q=Lindt%20-%20Lindor%20Double%20Chocolate%20Bag%20-%20Case%20of%206-5.1%20OZ,https://seller.walmart.com/catalog/add-items?search=975581751,N/A,no,yes,no,0,0,0,0,N/A,N/A,0,,,Price,13.98,6.38,2.91,20.79 %,45.55 %,10.75,7.43,1,$12.99,100+ units sold this month on Amazon,$4.69,$3.45,0,$1.12,8.00%,$0.02,1,$0.10,$0.30 /lb,$0.10,$0.00,$0.00,$0.00,$0.00,0,$0.00,4.9,40,"Pulling package information from B08XC4HRBP via amazon.com,3 or less sellers","7.95, 4.02, 1.50 in, 0.35 lbs",7.95,4.02,1.50,0.35,N/A,Computer
"06/17/2025, 01:08 AM PDT","06/17/2025, 04:08 AM EDT","06/17/2025, 03:08 AM CDT","06/17/2025, 01:08 AM PDT","Lindt Lindor White Chocolate Truffle Candy Bar, 3.5 oz.",5350927586,9542450601,Single,2,Lindt,Grocery,Chocolate Truffles,N/A,N/A,N/A,https://i5.walmartimages.com/seo/Lindt-Lindor-White-Chocolate-Truffle-Candy-Bar-3-5-oz_b3d62d7b-254d-4a7c-9700-0b3029df795e.133a3db116d54418ea6f797969da21ce.jpeg,,N/A,https://www.walmart.com/ip/5350927586,3.59,https://www.amazon.com/dp/B0DJTZ17MF,https://www.amazon.com/s?k=Lindt%20Lindor%20White%20Chocolate%20Truffle%20Candy%20Bar%2C%203.5%20oz.,https://www.ebay.com/sch/i.html?_nkw=Lindt%20Lindor%20White%20Chocolate%20Truffle%20Candy%20Bar%2C%203.5%20oz.,https://www.google.com/search?q=Lindt%20Lindor%20White%20Chocolate%20Truffle%20Candy%20Bar%2C%203.5%20oz.,https://seller.walmart.com/catalog/add-items?search=5350927586,Best seller,no,no,no,4,0,4,814,SuppliedbyAlo,mfn,$9.99,1,$9.99,$14.59,9.99,3.59,1.08,10.82 %,30.12 %,8.75,3.74,1,OOS,N/A,$5.32,$3.45,0,$0.80,8.00%,$0.00,1,$1.07,$0.30 /lb,$0.07,$0.00,$0.00,$0.00,$0.00,0,$0.00,4.8,121,The listing has 2 variations,"0.43, 3.03, 6.33 in, 0.22 lbs",0.43,3.03,6.33,0.22,N/A,Computer
"06/17/2025, 01:09 AM PDT","06/17/2025, 04:09 AM EDT","06/17/2025, 03:09 AM CDT","06/17/2025, 01:09 AM PDT","Lindt LINDOR White Chocolate Candy Truffles, 2.1 oz. Bag",5488360401,9542449322,Single,1,Lindt,Grocery,Chocolate Truffles,N/A,N/A,N/A,https://i5.walmartimages.com/seo/Lindt-LINDOR-White-Chocolate-Candy-Truffles-2-1-oz-Bag_dae4ad47-b0e1-4d0f-95d3-7ccb72069e48.6e36d7eb3fd593dd34c7b158127d9a99.jpeg,,N/A,https://www.walmart.com/ip/5488360401,2.88,N/A,https://www.amazon.com/s?k=Lindt%20LINDOR%20White%20Chocolate%20Candy%20Truffles%2C%202.1%20oz.%20Bag,https://www.ebay.com/sch/i.html?_nkw=Lindt%20LINDOR%20White%20Chocolate%20Candy%20Truffles%2C%202.1%20oz.%20Bag,https://www.google.com/search?q=Lindt%20LINDOR%20White%20Chocolate%20Candy%20Truffles%2C%202.1%20oz.%20Bag,https://seller.walmart.com/catalog/add-items?search=5488360401,N/A,yes,no,no,2,0,2,26,Tampa Bay Express,mfn,$10.83,6,$10.83,$10.96,10.83,2.88,3.5,32.35 %,121.65 %,8.05,5.11,1,NA,N/A,$4.45,$3.45,0,$0.87,8.00%,$0.03,1,$0.10,$0.30 /lb,$0.10,$0.00,$0.00,$0.00,$0.00,0,$0.00,5,43,"For better accuracy, we’ve used dimensions from B00TDP3KNC to provide more precise estimates,3 or less sellers","7.40, 3.90, 2.01 in, 0.35 lbs",7.40,3.90,2.01,0.35,N/A,Computer
"06/17/2025, 01:13 AM PDT","06/17/2025, 04:13 AM EDT","06/17/2025, 03:13 AM CDT","06/17/2025, 01:13 AM PDT","Lindt Lindor, Easter Eggs, Milk Chocolate, Dark Chocolate and White Chocolate Candy, 4.4 oz, 1 Count",162345197,9542030407,N/A,N/A,Lindt,Grocery,Chocolate Truffles,N/A,N/A,S003262WM,https://i5.walmartimages.com/seo/Lindt-Lindor-Easter-Eggs-Milk-Chocolate-Dark-Chocolate-and-White-Chocolate-Candy-4-4-oz-1-Count_eca9b12a-cfed-4cb6-be2c-c0e68678e339.5a3328c772db302718d636956ec43e6d.jpeg,,N/A,https://www.walmart.com/ip/162345197,5.85,https://www.amazon.com/dp/B079X8JX52,https://www.amazon.com/s?k=Lindt%20Lindor%2C%20Easter%20Eggs%2C%20Milk%20Chocolate%2C%20Dark%20Chocolate%20and%20White%20Chocolate%20Candy%2C%204.4%20oz%2C%201%20Count,https://www.ebay.com/sch/i.html?_nkw=Lindt%20Lindor%2C%20Easter%20Eggs%2C%20Milk%20Chocolate%2C%20Dark%20Chocolate%20and%20White%20Chocolate%20Candy%2C%204.4%20oz%2C%201%20Count,https://www.google.com/search?q=Lindt%20Lindor%2C%20Easter%20Eggs%2C%20Milk%20Chocolate%2C%20Dark%20Chocolate%20and%20White%20Chocolate%20Candy%2C%204.4%20oz%2C%201%20Count,https://seller.walmart.com/catalog/add-items?search=162345197,N/A,no,no,no,1,1,0,7,Cinco Estrellitas,wfs,$11.00,7,$11.00,$11.00,11,5.85,0.7,6.39 %,12.01 %,10.15,5.24,1,$8.99,N/A,$4.45,$3.45,0,$0.88,8.00%,$0.03,1,$0.08,$0.30 /lb,$0.08,$0.00,$0.00,$0.00,$0.00,0,$0.00,4.4,27,3 or less sellers,"2.00, 5.00, 7.75 in, 0.28 lbs",2.00,5.00,7.75,0.28,N/A,Computer
"06/17/2025, 01:16 AM PDT","06/17/2025, 04:16 AM EDT","06/17/2025, 03:16 AM CDT","06/17/2025, 01:16 AM PDT","Lindt LINDOR Valentine's Day Strawberries and Cream White Chocolate Candy Truffles Mini Bag, 0.8 oz. Bag",876262889,9542030919,N/A,N/A,Lindt,Grocery,Chocolate Truffles,N/A,N/A,N/A,https://i5.walmartimages.com/seo/Lindt-LINDOR-Valentine-s-Day-Strawberries-and-Cream-White-Chocolate-Candy-Truffles-Mini-Bag-0-8-oz-Bag_f5605d16-56df-4a59-9d53-45ba9ec370f4.610d14deb273405065a0946f21246ea8.jpeg,,N/A,https://www.walmart.com/ip/876262889,1.68,https://www.amazon.com/dp/B082DZJBLX,https://www.amazon.com/s?k=Lindt%20LINDOR%20Valentine's%20Day%20Strawberries%20and%20Cream%20White%20Chocolate%20Candy%20Truffles%20Mini%20Bag%2C%200.8%20oz.%20Bag,https://www.ebay.com/sch/i.html?_nkw=Lindt%20LINDOR%20Valentine's%20Day%20Strawberries%20and%20Cream%20White%20Chocolate%20Candy%20Truffles%20Mini%20Bag%2C%200.8%20oz.%20Bag,https://www.google.com/search?q=Lindt%20LINDOR%20Valentine's%20Day%20Strawberries%20and%20Cream%20White%20Chocolate%20Candy%20Truffles%20Mini%20Bag%2C%200.8%20oz.%20Bag,https://seller.walmart.com/catalog/add-items?search=876262889,N/A,no,no,no,1,0,1,3,JROSAS E-COMMERCE INC,mfn,$8.69,3,$8.69,$8.69,8.69,1.68,1.84,21.21 %,109.70 %,6.60,2.82,1,$30.99,N/A,$5.17,$3.45,0,$0.70,8.00%,$0.01,1,$1.01,$0.30 /lb,$0.01,$0.00,$0.00,$0.00,$0.00,0,$0.00,2.7,27,3 or less sellers,"2.36, 1.57, 4.25 in, 0.05 lbs",2.36,1.57,4.25,0.05,N/A,Computer
"06/17/2025, 01:17 AM PDT","06/17/2025, 04:17 AM EDT","06/17/2025, 03:17 AM CDT","06/17/2025, 01:17 AM PDT","Lindt Lindor 60% Extra Dark Chocolate Candy Truffles, 5.1 oz, Bag",10312262,37466030777,N/A,N/A,Lindt,Grocery,Chocolate Truffles,N/A,N/A,0003746603077,https://i5.walmartimages.com/seo/Lindt-Lindor-60-Extra-Dark-Chocolate-Candy-Truffles-5-1-oz-Bag_8ea76c6d-9640-4c39-8e32-90abf4a8e154.ea1cd3fac32df3ccd419f0e91269b32e.jpeg,,N/A,https://www.walmart.com/ip/10312262,6.19,https://www.amazon.com/dp/B000SEKT7M,https://www.amazon.com/s?k=Lindt%20Lindor%2060%25%20Extra%20Dark%20Chocolate%20Candy%20Truffles%2C%205.1%20oz%2C%20Bag,https://www.ebay.com/sch/i.html?_nkw=Lindt%20Lindor%2060%25%20Extra%20Dark%20Chocolate%20Candy%20Truffles%2C%205.1%20oz%2C%20Bag,https://www.google.com/search?q=Lindt%20Lindor%2060%25%20Extra%20Dark%20Chocolate%20Candy%20Truffles%2C%205.1%20oz%2C%20Bag,https://seller.walmart.com/catalog/add-items?search=10312262,N/A,yes,yes,no,4,3,1,47,KKRK,wfs,$13.37,28,$13.37,$13.98,13.37,6.19,2.54,19.00 %,41.03 %,10.55,6.98,1,$9.99,N/A,$4.64,$3.45,0,$1.07,8.00%,$0.02,1,$0.10,$0.30 /lb,$0.10,$0.00,$0.00,$0.00,$0.00,0,$0.00,4.5,80,N/A,"1.88, 4.00, 7.50 in, 0.32 lbs",1.88,4.00,7.50,0.32,N/A,Computer
"06/17/2025, 01:20 AM PDT","06/17/2025, 04:20 AM EDT","06/17/2025, 03:20 AM CDT","06/17/2025, 01:20 AM PDT","Lindt Lindor Fudge Swirl Milk Chocolate Candy Truffles, 5.1 oz. Bag",128484414,9542031893,N/A,N/A,Lindt,Grocery,Chocolate Truffles,N/A,N/A,N/A,https://i5.walmartimages.com/seo/Lindt-Lindor-Fudge-Swirl-Milk-Chocolate-Candy-Truffles-5-1-oz-Bag_419b2fc7-84da-4832-90c4-0741a1b97bd6.57b4dc735ec6791549479f850545fb3b.jpeg,,N/A,https://www.walmart.com/ip/128484414,6.19,https://www.amazon.com/dp/B071CR84CV,https://www.amazon.com/s?k=Lindt%20Lindor%20Fudge%20Swirl%20Milk%20Chocolate%20Candy%20Truffles%2C%205.1%20oz.%20Bag,https://www.ebay.com/sch/i.html?_nkw=Lindt%20Lindor%20Fudge%20Swirl%20Milk%20Chocolate%20Candy%20Truffles%2C%205.1%20oz.%20Bag,https://www.google.com/search?q=Lindt%20Lindor%20Fudge%20Swirl%20Milk%20Chocolate%20Candy%20Truffles%2C%205.1%20oz.%20Bag,https://seller.walmart.com/catalog/add-items?search=128484414,N/A,no,yes,no,2,2,0,31,US Shelltech,wfs,$11.98,26,$11.98,$14.00,11.98,6.19,1.25,10.44 %,20.20 %,10.55,5.95,1,$19.97,N/A,$4.54,$3.45,0,$0.96,8.00%,$0.03,1,$0.10,$0.30 /lb,$0.10,$0.00,$0.00,$0.00,$0.00,0,$0.00,5,41,"Pulling package information from B071CR84CV via amazon.com,3 or less sellers","7.56, 3.98, 2.01 in, 0.35 lbs",7.56,3.98,2.01,0.35,N/A,Computer
"06/17/2025, 01:21 AM PDT","06/17/2025, 04:21 AM EDT","06/17/2025, 03:21 AM CDT","06/17/2025, 01:21 AM PDT","Lindt LINDOR Assorted Chocolate Christmas Candy Truffles, 8.5 oz. Bag",46457467,9542017521,Single,2,Lindt,Grocery,Chocolate Truffles,N/A,N/A,C000815WM,https://i5.walmartimages.com/seo/Lindt-LINDOR-Assorted-Chocolate-Christmas-Candy-Truffles-8-5-oz-Bag_7dd679b6-e9ec-4336-9420-5dcb0e9137cc.574f268e2fb69924c7e1ae7a43748131.jpeg,,N/A,https://www.walmart.com/ip/46457467,7.35,https://www.amazon.com/dp/B01K9A6DCY,https://www.amazon.com/s?k=Lindt%20LINDOR%20Assorted%20Chocolate%20Christmas%20Candy%20Truffles%2C%208.5%20oz.%20Bag,https://www.ebay.com/sch/i.html?_nkw=Lindt%20LINDOR%20Assorted%20Chocolate%20Christmas%20Candy%20Truffles%2C%208.5%20oz.%20Bag,https://www.google.com/search?q=Lindt%20LINDOR%20Assorted%20Chocolate%20Christmas%20Candy%20Truffles%2C%208.5%20oz.%20Bag,https://seller.walmart.com/catalog/add-items?search=46457467,N/A,no,yes,no,4,0,4,32,Desishopusa.com,mfn,$18.45,8,$18.45,$22.98,18.45,7.35,4.68,25.37 %,63.69 %,11.85,9.63,1,$22.99,N/A,$6.42,$3.45,0,$2.77,15.00%,$0.04,1,$0.16,$0.30 /lb,$0.16,$0.00,$0.00,$0.00,$0.00,0,$0.00,4.8,568,The listing has 2 variations,"2.50, 4.50, 8.63 in, 0.53 lbs",2.50,4.50,8.63,0.53,N/A,Computer
"06/17/2025, 03:24 AM PDT","06/17/2025, 06:24 AM EDT","06/17/2025, 05:24 AM CDT","06/17/2025, 03:24 AM PDT","Lindt Holiday Mini Sleigh Milk Chocolate Candy, 1.7 oz., 5-Pack",143512096,37466029382,1.7 oz,1,Lindt,Grocery,Chocolate Candy,N/A,N/A,N/A,https://i5.walmartimages.com/seo/Lindt-Holiday-Mini-Sleigh-Milk-Chocolate-Candy-1-7-oz-5-Pack_009d288e-cc71-4f8c-b87d-0df70f22ba96.08a14d32b1bd9abac29afe77961f5865.jpeg,,N/A,https://www.walmart.com/ip/143512096,4.55,https://www.amazon.com/dp/B07JGM2GHB,https://www.amazon.com/s?k=Lindt%20Holiday%20Mini%20Sleigh%20Milk%20Chocolate%20Candy%2C%201.7%20oz.%2C%205-Pack,https://www.ebay.com/sch/i.html?_nkw=Lindt%20Holiday%20Mini%20Sleigh%20Milk%20Chocolate%20Candy%2C%201.7%20oz.%2C%205-Pack,https://www.google.com/search?q=Lindt%20Holiday%20Mini%20Sleigh%20Milk%20Chocolate%20Candy%2C%201.7%20oz.%2C%205-Pack,https://seller.walmart.com/catalog/add-items?search=143512096,N/A,no,no,no,2,0,2,14,MadeLn,mfn,$12.99,7,$12.99,$13.86,12.99,4.55,3.9,30.05 %,85.79 %,9.75,6.76,1,$9.99,N/A,$4.54,$3.45,0,$1.04,8.00%,$0.01,1,$0.03,$0.30 /lb,$0.03,$0.00,$0.00,$0.00,$0.00,0,$0.00,3.4,27,"Pulling package information from B07JGM2GHB via amazon.com,3 or less sellers","8.50, 4.25, 0.91 in, 0.11 lbs",8.50,4.25,0.91,0.11,N/A,Computer
"06/17/2025, 03:26 AM PDT","06/17/2025, 06:26 AM EDT","06/17/2025, 05:26 AM CDT","06/17/2025, 03:26 AM PDT","Lindt Lindor, Easter Neapolitan White Chocolate Candy Truffles, 8.5 oz Bag, 1 Count",729788314,9542425081,N/A,N/A,Lindt,Grocery,Chocolate Truffles,N/A,N/A,N/A,https://i5.walmartimages.com/seo/Lindt-Lindor-Easter-Neapolitan-White-Chocolate-Candy-Truffles-8-5-oz-Bag-1-Count_3c6d0056-8795-4452-b692-83a7e7d3c9f0.bc45ccbd3ded3939ee09004257be22b4.jpeg,,N/A,https://www.walmart.com/ip/729788314,8.38,https://www.amazon.com/dp/B085P45CR9,https://www.amazon.com/s?k=Lindt%20Lindor%2C%20Easter%20Neapolitan%20White%20Chocolate%20Candy%20Truffles%2C%208.5%20oz%20Bag%2C%201%20Count,https://www.ebay.com/sch/i.html?_nkw=Lindt%20Lindor%2C%20Easter%20Neapolitan%20White%20Chocolate%20Candy%20Truffles%2C%208.5%20oz%20Bag%2C%201%20Count,https://www.google.com/search?q=Lindt%20Lindor%2C%20Easter%20Neapolitan%20White%20Chocolate%20Candy%20Truffles%2C%208.5%20oz%20Bag%2C%201%20Count,https://seller.walmart.com/catalog/add-items?search=729788314,N/A,no,yes,no,4,0,4,10,EBZ Store,mfn,$18.99,1,$18.98,$19.40,18.99,8.38,4.11,21.66 %,49.09 %,13.00,10.00,1,$12.99,50+ units sold this month on Amazon,$6.50,$3.45,0,$2.85,15.00%,$0.04,1,$0.16,$0.30 /lb,$0.16,$0.00,$0.00,$0.00,$0.00,0,$0.00,4,44,N/A,"2.38, 4.31, 8.63 in, 0.53 lbs",2.38,4.31,8.63,0.53,N/A,Computer
"06/17/2025, 03:30 AM PDT","06/17/2025, 06:30 AM EDT","06/17/2025, 05:30 AM CDT","06/17/2025, 03:30 AM PDT","Lindt Classic Recipe Whole Hazelnut Milk Chocolate Candy Stick, 1.2 oz.",686808537,9542433949,Single,2,Lindt,Grocery,Chocolate Candy,N/A,N/A,N/A,https://i5.walmartimages.com/seo/Lindt-Classic-Recipe-Whole-Hazelnut-Milk-Chocolate-Candy-Stick-1-2-oz_1282ffac-3175-4ffe-8e37-809bd1c15099.009f97601f5bcef711a9fb7765ad12fc.jpeg,,N/A,https://www.walmart.com/ip/686808537,2.02,https://www.amazon.com/dp/B0BX6L2T6X,https://www.amazon.com/s?k=Lindt%20Classic%20Recipe%20Whole%20Hazelnut%20Milk%20Chocolate%20Candy%20Stick%2C%201.2%20oz.,https://www.ebay.com/sch/i.html?_nkw=Lindt%20Classic%20Recipe%20Whole%20Hazelnut%20Milk%20Chocolate%20Candy%20Stick%2C%201.2%20oz.,https://www.google.com/search?q=Lindt%20Classic%20Recipe%20Whole%20Hazelnut%20Milk%20Chocolate%20Candy%20Stick%2C%201.2%20oz.,https://seller.walmart.com/catalog/add-items?search=686808537,N/A,yes,yes,no,1,0,1,5,Sharks 0 Hut LLC,mfn,$12.99,5,$12.99,$12.99,12.99,2.02,6.45,49.69 %,319.53 %,7.00,6.78,1,$16.99,N/A,$4.52,$3.45,0,$1.04,8.00%,$0.00,1,$0.02,$0.30 /lb,$0.02,$0.00,$0.00,$0.00,$0.00,0,$0.00,4.8,57,"The listing has 2 variations,Pulling package information from B0BX6L2T6X via amazon.com,3 or less sellers","5.43, 1.22, 0.79 in, 0.08 lbs",5.43,1.22,0.79,0.08,N/A,Computer
"06/17/2025, 03:53 AM PDT","06/17/2025, 06:53 AM EDT","06/17/2025, 05:53 AM CDT","06/17/2025, 03:53 AM PDT","Loacker Quadratini Wafer Cookies, 8.82 Oz",33415095,76580004912,N/A,N/A,Loacker,Grocery,Cookies,N/A,N/A,67530,https://i5.walmartimages.com/seo/Loacker-Quadratini-Wafer-Cookies-8-82-Oz_facdf6ba-bd87-4d08-98af-3296f031fd7e.62202a6ef8d84dfda512d23e5e89832f.jpeg,,N/A,https://www.walmart.com/ip/33415095,4.38,https://www.amazon.com/dp/B005TY1V78,https://www.amazon.com/s?k=Loacker%20Quadratini%20Wafer%20Cookies%2C%208.82%20Oz,https://www.ebay.com/sch/i.html?_nkw=Loacker%20Quadratini%20Wafer%20Cookies%2C%208.82%20Oz,https://www.google.com/search?q=Loacker%20Quadratini%20Wafer%20Cookies%2C%208.82%20Oz,https://seller.walmart.com/catalog/add-items?search=33415095,N/A,no,no,no,5,3,2,35,Super Savings Now,wfs,$11.45,7,$11.45,$14.95,11.45,4.38,2.48,21.70 %,56.72 %,9.75,5.49,1,$11.50,N/A,$4.59,$3.45,0,$0.92,8.00%,$0.06,1,$0.16,$0.30 /lb,$0.16,$0.00,$0.00,$0.00,$0.00,0,$0.00,4.7,26,Pulling package information from B005TY1V78 via amazon.com,"7.52, 5.75, 3.23 in, 0.53 lbs",7.52,5.75,3.23,0.53,N/A,Computer
"06/17/2025, 04:03 AM PDT","06/17/2025, 07:03 AM EDT","06/17/2025, 06:03 AM CDT","06/17/2025, 04:03 AM PDT","LorAnn Oils Candy & Baking Flavoring, Anise Oil, 0.125oz, 2/Pkg",35672353,23535100045,N/A,N/A,LorAnn Oils,Grocery,Baking Extracts,N/A,N/A,FLAVOR-100,https://i5.walmartimages.com/seo/LorAnn-Oils-Candy-Baking-Flavoring-Anise-Oil-0-125oz-2-Pkg_ae48e809-faf3-4d1c-beb1-2ea91dcab91c.30a38337918e4d9d24676c111fd8fe27.jpeg,,N/A,https://www.walmart.com/ip/35672353,2.16,https://www.amazon.com/dp/B004MTQJUU,https://www.amazon.com/s?k=LorAnn%20Oils%20Candy%20%26%20Baking%20Flavoring%2C%20Anise%20Oil%2C%200.125oz%2C%202%2FPkg,https://www.ebay.com/sch/i.html?_nkw=LorAnn%20Oils%20Candy%20%26%20Baking%20Flavoring%2C%20Anise%20Oil%2C%200.125oz%2C%202%2FPkg,https://www.google.com/search?q=LorAnn%20Oils%20Candy%20%26%20Baking%20Flavoring%2C%20Anise%20Oil%2C%200.125oz%2C%202%2FPkg,https://seller.walmart.com/catalog/add-items?search=35672353,N/A,no,no,no,2,1,1,74,Michelle's Products Inc.,wfs,$7.99,61,$7.99,$10.73,7.99,2.16,0.7,8.78 %,32.48 %,7.15,2.29,1,$4.47,N/A,$5.13,$3.45,0,$0.64,8.00%,$0.01,1,$1.03,$0.30 /lb,$0.03,$0.00,$0.00,$0.00,$0.00,0,$0.00,4.2,39,"Pulling package information from B004MTQJUU via amazon.com,3 or less sellers","3.94, 3.90, 0.94 in, 0.11 lbs",3.94,3.90,0.94,0.11,N/A,Computer
"06/17/2025, 04:04 AM PDT","06/17/2025, 07:04 AM EDT","06/17/2025, 06:04 AM CDT","06/17/2025, 04:04 AM PDT",LorAnn Candy & Baking Flavoring .125oz 2/Pkg-Cinnamon Oil,23554448,23535010047,Single,2,LorAnn Oils,Grocery,Baking Extracts,N/A,N/A,FLAVOR-10,https://i5.walmartimages.com/seo/LorAnn-Candy-Baking-Flavoring-125oz-2-Pkg-Cinnamon-Oil_eadb4675-c2e6-44bd-af20-d2e3dc2c1e60.0156ba0c37e88497be801632c0b5b08b.jpeg,,N/A,https://www.walmart.com/ip/23554448,2.16,https://www.amazon.com/dp/B000XAN97S,https://www.amazon.com/s?k=LorAnn%20Candy%20%26%20Baking%20Flavoring%20.125oz%202%2FPkg-Cinnamon%20Oil,https://www.ebay.com/sch/i.html?_nkw=LorAnn%20Candy%20%26%20Baking%20Flavoring%20.125oz%202%2FPkg-Cinnamon%20Oil,https://www.google.com/search?q=LorAnn%20Candy%20%26%20Baking%20Flavoring%20.125oz%202%2FPkg-Cinnamon%20Oil,https://seller.walmart.com/catalog/add-items?search=23554448,N/A,no,no,no,5,1,4,727,Michelle's Products Inc.,wfs,$7.79,66,$7.79,$12.78,7.79,2.16,0.52,6.64 %,23.96 %,7.15,2.14,1,$9.00,N/A,$5.11,$3.45,0,$0.62,8.00%,$0.01,1,$1.03,$0.30 /lb,$0.03,$0.00,$0.00,$0.00,$0.00,0,$0.00,4.7,227,"The listing has 2 variations,Pulling package information from B000XAN97S via amazon.com","3.98, 3.82, 0.94 in, 0.11 lbs",3.98,3.82,0.94,0.11,N/A,Computer
"06/17/2025, 04:09 AM PDT","06/17/2025, 07:09 AM EDT","06/17/2025, 06:09 AM CDT","06/17/2025, 04:09 AM PDT","Love Corn - Premium Crunchy Corn, 4oz | Multiple Flavors",636929032,855596007465,Other Flavor,1,LOVE CORN,Grocery,Puffed Snacks,N/A,N/A,0855596007465,https://i5.walmartimages.com/seo/Love-Corn-Premium-Crunchy-Corn-4oz-Multiple-Flavors_0c5f0ff7-f7f5-4a77-9226-4d1d3b7f990b.82a842a7da0a8df09c3ba11a4e90404f.jpeg,,N/A,https://www.walmart.com/ip/636929032,2.69,https://www.amazon.com/dp/B0BH258GNQ,https://www.amazon.com/s?k=Love%20Corn%20-%20Premium%20Crunchy%20Corn%2C%204oz%20%7C%20Multiple%20Flavors,https://www.ebay.com/sch/i.html?_nkw=Love%20Corn%20-%20Premium%20Crunchy%20Corn%2C%204oz%20%7C%20Multiple%20Flavors,https://www.google.com/search?q=Love%20Corn%20-%20Premium%20Crunchy%20Corn%2C%204oz%20%7C%20Multiple%20Flavors,https://seller.walmart.com/catalog/add-items?search=636929032,N/A,no,yes,no,0,0,0,0,N/A,N/A,0,,,Price,13.73,2.69,6.38,46.44 %,237.05 %,7.80,7.25,1,$7.99,600+ units sold this month on Amazon,$4.66,$3.45,0,$1.10,8.00%,$0.04,1,$0.08,$0.30 /lb,$0.08,$0.00,$0.00,$0.00,$0.00,0,$0.00,4.9,54,"Pulling package information from B0BH258GNQ via amazon.com,3 or less sellers","7.99, 5.63, 1.89 in, 0.26 lbs",7.99,5.63,1.89,0.26,N/A,Computer
"06/17/2025, 04:10 AM PDT","06/17/2025, 07:10 AM EDT","06/17/2025, 06:10 AM CDT","06/17/2025, 04:10 AM PDT",Love Corn 228068 4 oz Habanero Roasted Corn,358396085,855596007083,N/A,N/A,LOVE CORN,Grocery,Popcorns,N/A,N/A,N/A,https://i5.walmartimages.com/seo/Love-Corn-228068-4-oz-Habanero-Roasted-Corn_e7d082e4-9def-4240-9bb0-6c741b3d1685.37c6f099fdc57356dc7fa85a21483bf4.jpeg,,N/A,https://www.walmart.com/ip/358396085,2.69,https://www.amazon.com/dp/B07NR267LP,https://www.amazon.com/s?k=Love%20Corn%20228068%204%20oz%20Habanero%20Roasted%20Corn,https://www.ebay.com/sch/i.html?_nkw=Love%20Corn%20228068%204%20oz%20Habanero%20Roasted%20Corn,https://www.google.com/search?q=Love%20Corn%20228068%204%20oz%20Habanero%20Roasted%20Corn,https://seller.walmart.com/catalog/add-items?search=358396085,N/A,no,no,no,0,0,0,0,N/A,N/A,0,,,Price,10.24,2.69,3.13,30.61 %,116.54 %,7.85,4.66,1,$8.00,50+ units sold this month on Amazon,$4.42,$3.45,0,$0.82,8.00%,$0.05,1,$0.10,$0.30 /lb,$0.10,$0.00,$0.00,$0.00,$0.00,0,$0.00,4.9,67,"Pulling package information from B07NR267LP via amazon.com,3 or less sellers","8.07, 5.67, 2.36 in, 0.33 lbs",8.07,5.67,2.36,0.33,N/A,Computer
"06/17/2025, 04:11 AM PDT","06/17/2025, 07:11 AM EDT","06/17/2025, 06:11 AM CDT","06/17/2025, 04:11 AM PDT","Love Corn - Love Corn Habanero, 1.6oz | Pack of 10",434186951,855596007052,N/A,N/A,LOVE CORN,Grocery,Snack Chips,Love Brands,N/A,313434,https://i5.walmartimages.com/seo/Love-Corn-Love-Corn-Habanero-1-6oz-Pack-of-10_6b9b4c01-84b5-4a54-96e4-c07afdbe3fad.f63a8f8f486c65574b1b6001afc82f04.jpeg,,N/A,https://www.walmart.com/ip/434186951,17.7,https://www.amazon.com/dp/B07J1YD1HF,https://www.amazon.com/s?k=Love%20Corn%20-%20Love%20Corn%20Habanero%2C%201.6oz%20%7C%20Pack%20of%2010,https://www.ebay.com/sch/i.html?_nkw=Love%20Corn%20-%20Love%20Corn%20Habanero%2C%201.6oz%20%7C%20Pack%20of%2010,https://www.google.com/search?q=Love%20Corn%20-%20Love%20Corn%20Habanero%2C%201.6oz%20%7C%20Pack%20of%2010,https://seller.walmart.com/catalog/add-items?search=434186951,N/A,no,no,no,0,0,0,0,N/A,N/A,0,,,Price,29,17.7,3.25,11.22 %,18.39 %,25.10,16.76,1,OOS,N/A,$8.05,$3.45,0,$4.35,15.00%,$0.06,1,$0.18,$0.30 /lb,$0.18,$0.00,$0.00,$0.00,$0.00,0,$0.00,4.9,67,"Pulling package information from B07J1YD1HF via amazon.com,3 or less sellers","12.87, 6.06, 1.85 in, 0.61 lbs",12.87,6.06,1.85,0.61,N/A,Computer
"06/17/2025, 04:14 AM PDT","06/17/2025, 07:14 AM EDT","06/17/2025, 06:14 AM CDT","06/17/2025, 04:14 AM PDT","Love Corn Crunchy Corn, Sea Salt, 1.6 oz (45 g)",875087179,855596007038,N/A,N/A,LOVE CORN,Grocery,Edible Nuts,N/A,N/A,HG2192235,https://i5.walmartimages.com/seo/Love-Corn-Sea-Salt-Corn-Nuts-1-6oz_f80b6be8-a111-439f-93f0-38d912080623.d7c55bcf15e72c14b7aced7f9c6e6626.jpeg,,N/A,https://www.walmart.com/ip/875087179,1.47,https://www.amazon.com/dp/B07F453G2K,https://www.amazon.com/s?k=Love%20Corn%20Crunchy%20Corn%2C%20Sea%20Salt%2C%201.6%20oz%20(45%20g),https://www.ebay.com/sch/i.html?_nkw=Love%20Corn%20Crunchy%20Corn%2C%20Sea%20Salt%2C%201.6%20oz%20(45%20g),https://www.google.com/search?q=Love%20Corn%20Crunchy%20Corn%2C%20Sea%20Salt%2C%201.6%20oz%20(45%20g),https://seller.walmart.com/catalog/add-items?search=875087179,N/A,no,yes,no,3,0,3,1630,iHerb,mfn,$7.31,134,$7.31,$40.98,7.31,1.47,0.76,10.37 %,51.55 %,6.40,1.78,1,$2.04,N/A,$5.08,$3.45,0,$0.58,8.00%,$0.01,1,$1.03,$0.30 /lb,$0.03,$0.00,$0.00,$0.00,$0.00,0,$0.00,4.8,535,"Pulling package information from B07F453G2K via amazon.com,3 or less sellers","6.14, 4.29, 1.26 in, 0.11 lbs",6.14,4.29,1.26,0.11,N/A,Computer
"06/17/2025, 04:21 AM PDT","06/17/2025, 07:21 AM EDT","06/17/2025, 06:21 AM CDT","06/17/2025, 04:21 AM PDT","Lu Petit Ecolier European Dark Chocolate Biscuit Cookies, 45% Cocoa, 5.3 oz",20897772,694990012503,Single,2,LU,Grocery,Cookies,N/A,N/A,01250,https://i5.walmartimages.com/seo/Lu-Petit-Ecolier-European-Dark-Chocolate-Biscuit-Cookies-45-Cocoa-5-3-oz_511a1e8d-a282-4161-bdd7-687bb2b1d8b5.5053ce9350bb6fb9877752ac7172a07f.jpeg,,N/A,https://www.walmart.com/ip/20897772,3.57,https://www.amazon.com/dp/B0019FGR8O,https://www.amazon.com/s?k=Lu%20Petit%20Ecolier%20European%20Dark%20Chocolate%20Biscuit%20Cookies%2C%2045%25%20Cocoa%2C%205.3%20oz,https://www.ebay.com/sch/i.html?_nkw=Lu%20Petit%20Ecolier%20European%20Dark%20Chocolate%20Biscuit%20Cookies%2C%2045%25%20Cocoa%2C%205.3%20oz,https://www.google.com/search?q=Lu%20Petit%20Ecolier%20European%20Dark%20Chocolate%20Biscuit%20Cookies%2C%2045%25%20Cocoa%2C%205.3%20oz,https://seller.walmart.com/catalog/add-items?search=20897772,N/A,no,no,no,6,3,3,30,Hexamarthub,wfs,$10.18,5,$10.10,$15.20,10.18,3.57,2.22,21.81 %,62.19 %,8.75,4.63,1,OOS,N/A,$4.39,$3.45,0,$0.81,8.00%,$0.01,1,$0.11,$0.30 /lb,$0.11,$0.00,$0.00,$0.00,$0.00,0,$0.00,4.3,148,"The listing has 2 variations,Pulling package information from B0019FGR8O via amazon.com","8.11, 2.83, 1.46 in, 0.37 lbs",8.11,2.83,1.46,0.37,N/A,Computer
"06/17/2025, 04:45 AM PDT","06/17/2025, 07:45 AM EDT","06/17/2025, 06:45 AM CDT","06/17/2025, 04:45 AM PDT","M&M's Crunchy Cookie Milk Chocolate Candy, Share Size - 2.83 oz Bag",944057652,40000580911,2.83ONZ,2,M&M'S,Grocery,Chocolate Candy,N/A,N/A,M&M'S,https://i5.walmartimages.com/seo/M-M-s-Crunchy-Cookie-Milk-Chocolate-Candy-Share-Size-2-83-oz-Bag_3fd641d6-0283-4326-843a-d08f292e5349.92ba38343e65112efb56aba5a16542db.jpeg,,N/A,https://www.walmart.com/ip/944057652,2.33,https://www.amazon.com/dp/B0DTZ65MMF,https://www.amazon.com/s?k=M%26M's%20Crunchy%20Cookie%20Milk%20Chocolate%20Candy%2C%20Share%20Size%20-%202.83%20oz%20Bag,https://www.ebay.com/sch/i.html?_nkw=M%26M's%20Crunchy%20Cookie%20Milk%20Chocolate%20Candy%2C%20Share%20Size%20-%202.83%20oz%20Bag,https://www.google.com/search?q=M%26M's%20Crunchy%20Cookie%20Milk%20Chocolate%20Candy%2C%20Share%20Size%20-%202.83%20oz%20Bag,https://seller.walmart.com/catalog/add-items?search=944057652,N/A,yes,no,no,1,0,1,1,1188 Ventures LLC,mfn,$14.98,1,$14.98,$14.98,14.98,2.33,3.2,21.35 %,137.24 %,11.40,4.42,1,OOS,N/A,$9.45,$6.55,0,$1.20,8.00%,$0.25,1,$1.45,$0.30 /lb,$1.45,$0.00,$0.00,$0.00,$0.00,0,$0.00,4.4,,"The listing has 2 variations,For better accuracy, we’ve used dimensions from B0BP84WCH7 to provide more precise estimates,3 or less sellers","14.13, 10.04, 4.09 in, 4.84 lbs",14.13,10.04,4.09,4.84,N/A,Computer
"06/18/2025, 12:51 AM PDT","06/18/2025, 03:51 AM EDT","06/18/2025, 02:51 AM CDT","06/18/2025, 12:51 AM PDT","M&M Mars Peanut, 5.30-Ounce [Pack of 6]",151020945,40000017325,N/A,N/A,M&M'S,Grocery,Chocolate Candy,N/A,N/A,M-MPEANUT-NBC,https://i5.walmartimages.com/seo/M-M-Mars-Peanut-5-30-Ounce-Pack-of-6_56437dbf-fa04-4655-904d-20791709766f.a29fef90b187148a63fda6f711b4fe0a.jpeg,,N/A,https://www.walmart.com/ip/151020945,16.8,https://www.amazon.com/dp/B007FGJMTC,https://www.amazon.com/s?k=M%26M%20Mars%20Peanut%2C%205.30-Ounce%20%5BPack%20of%206%5D,https://www.ebay.com/sch/i.html?_nkw=M%26M%20Mars%20Peanut%2C%205.30-Ounce%20%5BPack%20of%206%5D,https://www.google.com/search?q=M%26M%20Mars%20Peanut%2C%205.30-Ounce%20%5BPack%20of%206%5D,https://seller.walmart.com/catalog/add-items?search=151020945,N/A,no,no,no,3,1,2,329,Hominics Essentials,wfs,$25.35,10,$25.35,$29.00,25.35,16.8,1.16,4.58 %,6.90 %,23.90,14.37,1,$9.59,50+ units sold this month on Amazon,$7.39,$3.45,0,$3.80,15.00%,$0.04,1,$0.10,$0.30 /lb,$0.10,$0.00,$0.00,$0.00,$0.00,0,$0.00,4.8,,"Pulling package information from B007FGJMTC via amazon.com,3 or less sellers","9.61, 6.34, 1.46 in, 0.33 lbs",9.61,6.34,1.46,0.33,N/A,Computer
"06/18/2025, 01:30 AM PDT","06/18/2025, 04:30 AM EDT","06/18/2025, 03:30 AM CDT","06/18/2025, 01:30 AM PDT","Madhava Organic Coconut Sugar, 16 oz Bag",23991200,78314216004,N/A,N/A,Madhava,Grocery,Sugars,N/A,N/A,28000512125,https://i5.walmartimages.com/seo/Madhava-Organic-Coconut-Sugar-16-oz-Bag_b9e068c8-4276-47ca-8204-0b025209d6a1.c10ac8367d1ccb17aaacfc2f0f8b16c6.jpeg,,N/A,https://www.walmart.com/ip/23991200,5.62,https://www.amazon.com/dp/B0083PEJQA,https://www.amazon.com/s?k=Madhava%20Organic%20Coconut%20Sugar%2C%2016%20oz%20Bag,https://www.ebay.com/sch/i.html?_nkw=Madhava%20Organic%20Coconut%20Sugar%2C%2016%20oz%20Bag,https://www.google.com/search?q=Madhava%20Organic%20Coconut%20Sugar%2C%2016%20oz%20Bag,https://seller.walmart.com/catalog/add-items?search=23991200,N/A,no,no,no,3,2,1,127,SJK Enterprises LLC,wfs,$12.99,5,$12.12,$12.99,12.99,5.62,1.01,7.80 %,18.02 %,11.80,5.31,1,$53.24,N/A,$6.36,$4.95,0,$1.04,8.00%,$0.05,1,$0.32,$0.30 /lb,$0.32,$0.00,$0.00,$0.00,$0.00,0,$0.00,4.7,269,"For better accuracy, we’ve used dimensions from B005ZBH0TS to provide more precise estimates,3 or less sellers","9.02, 6.73, 2.01 in, 1.05 lbs",9.02,6.73,2.01,1.05,N/A,Computer
"06/18/2025, 01:32 AM PDT","06/18/2025, 04:32 AM EDT","06/18/2025, 03:32 AM CDT","06/18/2025, 01:32 AM PDT","Madhava Organic Honey Bear, 12 oz",34791392,78314120462,N/A,N/A,Madhava,Grocery,Honey,N/A,N/A,12046,https://i5.walmartimages.com/seo/Madhava-Organic-Honey-Bear-12-oz_9d0e9e06-9474-4bf1-82c9-43f55e7d391d_1.6dd5df30d94df6f31cac483093525b97.jpeg,,N/A,https://www.walmart.com/ip/34791392,7.18,https://www.amazon.com/dp/B008JVHBMW,https://www.amazon.com/s?k=Madhava%20Organic%20Honey%20Bear%2C%2012%20oz,https://www.ebay.com/sch/i.html?_nkw=Madhava%20Organic%20Honey%20Bear%2C%2012%20oz,https://www.google.com/search?q=Madhava%20Organic%20Honey%20Bear%2C%2012%20oz,https://seller.walmart.com/catalog/add-items?search=34791392,N/A,no,no,no,1,0,1,46,iHerb,mfn,$13.47,46,$13.47,$13.47,13.47,7.18,1.52,11.28 %,21.16 %,11.75,6.96,1,$13.47,N/A,$4.77,$3.45,0,$1.08,8.00%,$0.02,1,$0.22,$0.30 /lb,$0.22,$0.00,$0.00,$0.00,$0.00,0,$0.00,4.6,449,3 or less sellers,"2.50, 2.50, 6.75 in, 0.75 lbs",2.50,2.50,6.75,0.75,N/A,Computer
"06/18/2025, 03:46 AM PDT","06/18/2025, 06:46 AM EDT","06/18/2025, 05:46 AM CDT","06/18/2025, 03:46 AM PDT",Maille Honey Dijon Mustard8 Oz,30869396,43646204005,N/A,N/A,Maille,Grocery,Mustards,N/A,N/A,91007,https://i5.walmartimages.com/seo/Maille-Honey-Dijon-Mustard8-Oz_fdea3323-366e-4dc9-85f4-339300dd82d3.69c8a6bde01645ca2c5abdecd5698025.jpeg,,N/A,https://www.walmart.com/ip/30869396,6.11,https://www.amazon.com/dp/B00KOBRFEE,https://www.amazon.com/s?k=Maille%20Honey%20Dijon%20Mustard8%20Oz,https://www.ebay.com/sch/i.html?_nkw=Maille%20Honey%20Dijon%20Mustard8%20Oz,https://www.google.com/search?q=Maille%20Honey%20Dijon%20Mustard8%20Oz,https://seller.walmart.com/catalog/add-items?search=30869396,N/A,yes,no,no,1,0,1,16,CanadaGroceryStore,mfn,$17.19,16,$17.19,$17.19,17.19,6.11,3.3,19.18 %,53.95 %,12.20,7.53,1,$12.61,N/A,$7.78,$4.95,0,$2.58,15.00%,$0.01,1,$0.24,$0.30 /lb,$0.24,$0.00,$0.00,$0.00,$0.00,0,$0.00,4.4,19,3 or less sellers,"2.70, 2.70, 3.80 in, 0.81 lbs",2.70,2.70,3.80,0.81,N/A,Computer
"06/18/2025, 04:00 AM PDT","06/18/2025, 07:00 AM EDT","06/18/2025, 06:00 AM CDT","06/18/2025, 04:00 AM PDT",Mamba Magic Sticks 6.3 oz. Peg Bag,546988787,72799057862,1,16,MAMBA,Grocery,Fruit Flavored Candy,N/A,N/A,N/A,https://i5.walmartimages.com/seo/Mamba-Magic-Sticks-6-3-oz-Peg-Bag_3c69fbcf-eb00-4614-9b9c-53610dfef351.4e5a3e746c52555a73c24e24b9af0dba.jpeg,,N/A,https://www.walmart.com/ip/546988787,2.98,https://www.amazon.com/dp/B09F5FFNVS,https://www.amazon.com/s?k=Mamba%20Magic%20Sticks%206.3%20oz.%20Peg%20Bag,https://www.ebay.com/sch/i.html?_nkw=Mamba%20Magic%20Sticks%206.3%20oz.%20Peg%20Bag,https://www.google.com/search?q=Mamba%20Magic%20Sticks%206.3%20oz.%20Peg%20Bag,https://seller.walmart.com/catalog/add-items?search=546988787,N/A,no,no,no,8,1,7,876,"Ahdioh, LLC",wfs,$9.91,1,$9.91,$11.99,9.91,2.98,1.55,15.59 %,51.85 %,8.15,3.62,1,OOS,N/A,$5.38,$3.45,0,$0.79,8.00%,$0.03,1,$1.12,$0.30 /lb,$0.12,$0.00,$0.00,$0.00,$0.00,0,$0.00,4,65,The listing has 16 variations,"1.00, 6.60, 8.75 in, 0.39 lbs",1.00,6.60,8.75,0.39,N/A,Computer
"06/18/2025, 04:02 AM PDT","06/18/2025, 07:02 AM EDT","06/18/2025, 06:02 AM CDT","06/18/2025, 04:02 AM PDT","Mamba Tropics Fruit Chews Chewy Candy, 7.05 oz",154862194,72799931162,N/A,N/A,MAMBA,Grocery,Chewy Candy,N/A,N/A,N/A,https://i5.walmartimages.com/seo/Mamba-Tropics-Fruit-Chews-Chewy-Candy-7-05-oz_3942a0e8-d003-46cf-8bb1-37a46b4f019d.29809510bf3dcb2ef0c8d3cf50b1c6d2.jpeg,,N/A,https://www.walmart.com/ip/154862194,2.98,https://www.amazon.com/dp/B0F8C7C38M,https://www.amazon.com/s?k=Mamba%20Tropics%20Fruit%20Chews%20Chewy%20Candy%2C%207.05%20oz,https://www.ebay.com/sch/i.html?_nkw=Mamba%20Tropics%20Fruit%20Chews%20Chewy%20Candy%2C%207.05%20oz,https://www.google.com/search?q=Mamba%20Tropics%20Fruit%20Chews%20Chewy%20Candy%2C%207.05%20oz,https://seller.walmart.com/catalog/add-items?search=154862194,N/A,yes,no,no,1,1,0,36,Aassi Traders,wfs,$10.86,36,$10.86,$10.86,10.86,2.98,3.39,31.20 %,113.69 %,8.20,5.09,1,$6.50,N/A,$4.49,$3.45,0,$0.87,8.00%,$0.03,1,$0.15,$0.30 /lb,$0.15,$0.00,$0.00,$0.00,$0.00,0,$0.00,4.5,39,"For better accuracy, we’ve used dimensions from B0CV8494W7 to provide more precise estimates,3 or less sellers","7.01, 5.51, 1.57 in, 0.49 lbs",7.01,5.51,1.57,0.49,N/A,Computer
"06/18/2025, 04:40 AM PDT","06/18/2025, 07:40 AM EDT","06/18/2025, 06:40 AM CDT","06/18/2025, 04:40 AM PDT",OG2 MGC PLTBSD CHED CRKR (6x4.25),1213285789,853665005824,N/A,N/A,Mary's Gone Crackers,Grocery,Snack Crackers,Mary's Gone Crackers,N/A,N/A,https://i5.walmartimages.com/seo/Marys-Gone-Crackers-4-25-oz-Cheddar-Cheeze-Crackers_2f02e0e2-0c6f-49c9-aafb-c8780f29d259.9f7ec02a46727942e1868c0f598255a7.jpeg,,N/A,https://www.walmart.com/ip/1213285789,4.33,https://www.amazon.com/dp/B0B7YVKF14,https://www.amazon.com/s?k=OG2%20MGC%20PLTBSD%20CHED%20CRKR%20(6x4.25),https://www.ebay.com/sch/i.html?_nkw=OG2%20MGC%20PLTBSD%20CHED%20CRKR%20(6x4.25),https://www.google.com/search?q=OG2%20MGC%20PLTBSD%20CHED%20CRKR%20(6x4.25),https://seller.walmart.com/catalog/add-items?search=1213285789,N/A,no,no,no,0,0,0,0,N/A,N/A,0,,,Price,11.13,4.33,2.32,20.85 %,53.60 %,9.60,5.32,1,$10.20,100+ units sold this month on Amazon,$4.48,$3.45,0,$0.89,8.00%,$0.03,1,$0.10,$0.30 /lb,$0.10,$0.00,$0.00,$0.00,$0.00,0,$0.00,3.2,659,"Pulling package information from B0B7YVKF14 via amazon.com,3 or less sellers","7.76, 5.16, 1.93 in, 0.35 lbs",7.76,5.16,1.93,0.35,N/A,Computer
"06/18/2025, 04:42 AM PDT","06/18/2025, 07:42 AM EDT","06/18/2025, 06:42 AM CDT","06/18/2025, 04:42 AM PDT","Mary's Gone Crackers Mary's Gone Cheezee™ Crackers, Plant-Based, Cheese & Herb, 4.25 oz (120 g)",1084175588,853665005831,N/A,N/A,Mary's Gone Crackers,Grocery,Snack Crackers,Mary's Gone Crackers,N/A,N/A,https://i5.walmartimages.com/seo/Marys-Gone-Crackers-HG2860567-4-25-oz-Plant-Based-Cheese-Herb-Peanut-Crackers-Case-of-6_92924d4a-1bf5-4067-97da-ba7c7b031ec5.36ad4d721a45fafd9053a8185efd78ae.jpeg,,N/A,https://www.walmart.com/ip/1084175588,4.33,https://www.amazon.com/dp/B0B7YQ8WQW,https://www.amazon.com/s?k=Mary's%20Gone%20Crackers%20Mary's%20Gone%20Cheezee%E2%84%A2%20Crackers%2C%20Plant-Based%2C%20Cheese%20%26%20Herb%2C%204.25%20oz%20(120%20g),https://www.ebay.com/sch/i.html?_nkw=Mary's%20Gone%20Crackers%20Mary's%20Gone%20Cheezee%E2%84%A2%20Crackers%2C%20Plant-Based%2C%20Cheese%20%26%20Herb%2C%204.25%20oz%20(120%20g),https://www.google.com/search?q=Mary's%20Gone%20Crackers%20Mary's%20Gone%20Cheezee%E2%84%A2%20Crackers%2C%20Plant-Based%2C%20Cheese%20%26%20Herb%2C%204.25%20oz%20(120%20g),https://seller.walmart.com/catalog/add-items?search=1084175588,N/A,no,yes,no,2,0,2,1014,iHerb,mfn,$10.20,15,$10.20,$11.13,10.2,4.33,1.45,14.24 %,33.55 %,9.60,4.63,1,$5.21,N/A,$4.42,$3.45,0,$0.82,8.00%,$0.04,1,$0.11,$0.30 /lb,$0.11,$0.00,$0.00,$0.00,$0.00,0,$0.00,3.3,726,"Pulling package information from B0B7YQ8WQW via amazon.com,3 or less sellers","7.83, 5.67, 1.93 in, 0.38 lbs",7.83,5.67,1.93,0.38,N/A,Computer
"06/18/2025, 04:47 AM PDT","06/18/2025, 07:47 AM EDT","06/18/2025, 06:47 AM CDT","06/18/2025, 04:47 AM PDT","Mary'S Gone Crackers Herb Crackers , 6.5 Oz",33309397,897580000137,N/A,N/A,Mary's Gone Crackers,Grocery,Snack Crackers,Mary's Gone Crackers,N/A,46037,https://i5.walmartimages.com/seo/Mary-S-Gone-Crackers-Herb-Crackers-6-5-Oz_1824d728-f599-4834-8696-b9dcb1cefb1a.0b9486d5339fd910b10e43d5482056a1.jpeg,,N/A,https://www.walmart.com/ip/33309397,4.24,https://www.amazon.com/dp/B015MLL1V8,https://www.amazon.com/s?k=Mary'S%20Gone%20Crackers%20Herb%20Crackers%20%2C%206.5%20Oz,https://www.ebay.com/sch/i.html?_nkw=Mary'S%20Gone%20Crackers%20Herb%20Crackers%20%2C%206.5%20Oz,https://www.google.com/search?q=Mary'S%20Gone%20Crackers%20Herb%20Crackers%20%2C%206.5%20Oz,https://seller.walmart.com/catalog/add-items?search=33309397,N/A,no,yes,no,4,1,3,1108,OTCRx4U,wfs,$9.99,3,$9.99,$12.60,9.99,4.24,0.33,3.29 %,7.76 %,9.55,3.66,1,$6.34,400+ units sold this month on Amazon,$5.42,$3.45,0,$0.80,8.00%,$0.03,1,$1.14,$0.30 /lb,$0.14,$0.00,$0.00,$0.00,$0.00,0,$0.00,3.9,58,Pulling package information from B015MLL1V8 via amazon.com,"6.34, 5.59, 2.20 in, 0.46 lbs",6.34,5.59,2.20,0.46,N/A,Computer
"06/18/2025, 04:50 AM PDT","06/18/2025, 07:50 AM EDT","06/18/2025, 06:50 AM CDT","06/18/2025, 04:50 AM PDT","Mary's Gone Crackers Original, Gluten-Free Crackers, 6.5 oz Box",13425015,897580000106,N/A,N/A,Mary's Gone Crackers,Grocery,Snack Crackers,Mary's Gone Crackers,N/A,897580000106,https://i5.walmartimages.com/seo/Mary-s-Gone-Crackers-Original-Crackers-6-5-Ounce-Box_df778d10-25c9-4ac7-b3e5-3bdc9118043a.8bace026fdcb1038841917be44d19bdb.jpeg,,N/A,https://www.walmart.com/ip/13425015,4.24,https://www.amazon.com/dp/B005TY2FNW,https://www.amazon.com/s?k=Mary's%20Gone%20Crackers%20Original%2C%20Gluten-Free%20Crackers%2C%206.5%20oz%20Box,https://www.ebay.com/sch/i.html?_nkw=Mary's%20Gone%20Crackers%20Original%2C%20Gluten-Free%20Crackers%2C%206.5%20oz%20Box,https://www.google.com/search?q=Mary's%20Gone%20Crackers%20Original%2C%20Gluten-Free%20Crackers%2C%206.5%20oz%20Box,https://seller.walmart.com/catalog/add-items?search=13425015,N/A,no,no,no,1,0,1,402,iHerb,mfn,$10.20,402,$10.20,$10.20,10.2,4.24,1.51,14.82 %,35.65 %,9.55,4.60,1,OOS,N/A,$4.45,$3.45,0,$0.82,8.00%,$0.03,1,$0.15,$0.30 /lb,$0.15,$0.00,$0.00,$0.00,$0.00,0,$0.00,4.4,1766,"For better accuracy, we’ve used dimensions from B000QSMGWQ to provide more precise estimates,3 or less sellers","6.38, 5.51, 2.13 in, 0.50 lbs",6.38,5.51,2.13,0.50,N/A,Computer
"06/18/2025, 04:53 AM PDT","06/18/2025, 07:53 AM EDT","06/18/2025, 06:53 AM CDT","06/18/2025, 04:53 AM PDT","Mary's Gone Crackers Organic Sea Salt Real Thin, Gluten-Free Crackers, 5 oz",296030322,853665005695,N/A,N/A,Mary's Gone Crackers,Grocery,Snack Crackers,Mary's Gone Crackers,N/A,MGC00569,https://i5.walmartimages.com/seo/Mary-s-Gone-Crackers-Organic-Sea-Salt-Real-Thin-Crackers-5-oz_eeb99a65-c3ab-488a-9136-65e2e0c2cb92.0de0356cb6728b5ac8634a329b012b42.jpeg,,N/A,https://www.walmart.com/ip/296030322,3.51,https://www.amazon.com/dp/B07GKY9DG7,https://www.amazon.com/s?k=Mary's%20Gone%20Crackers%20Organic%20Sea%20Salt%20Real%20Thin%2C%20Gluten-Free%20Crackers%2C%205%20oz,https://www.ebay.com/sch/i.html?_nkw=Mary's%20Gone%20Crackers%20Organic%20Sea%20Salt%20Real%20Thin%2C%20Gluten-Free%20Crackers%2C%205%20oz,https://www.google.com/search?q=Mary's%20Gone%20Crackers%20Organic%20Sea%20Salt%20Real%20Thin%2C%20Gluten-Free%20Crackers%2C%205%20oz,https://seller.walmart.com/catalog/add-items?search=296030322,N/A,no,no,no,3,0,3,646,iHerb,mfn,$9.35,640,$9.35,$15.94,9.35,3.51,0.48,5.17 %,13.79 %,8.75,3.20,1,$8.03,700+ units sold this month on Amazon,$5.36,$3.45,0,$0.75,8.00%,$0.03,1,$1.13,$0.30 /lb,$0.13,$0.00,$0.00,$0.00,$0.00,0,$0.00,4.5,546,"Pulling package information from B07GKY9DG7 via amazon.com,3 or less sellers","7.64, 5.24, 1.85 in, 0.42 lbs",7.64,5.24,1.85,0.42,N/A,Computer
"06/18/2025, 11:20 PM PDT","06/19/2025, 02:20 AM EDT","06/19/2025, 01:20 AM CDT","06/18/2025, 11:20 PM PDT","MARYâS GONE CRACKERS SUPER SEED, SEAWEED & BLACK SESAME, 5.5 OZ.",182728920,853665005107,N/A,N/A,Mary's Gone Crackers,Grocery,Snack Crackers,Mary's Gone Crackers,N/A,0853665005107,https://i5.walmartimages.com/seo/MARY-S-GONE-CRACKERS-SUPER-SEED-SEAWEED-BLACK-SESAME-5-5-OZ_57f72393-5c5b-4e11-b775-0589ad694caf_1.3f745ccdcaa0911afd2930652ed14ed4.jpeg,,N/A,https://www.walmart.com/ip/182728920,4.23,https://www.amazon.com/dp/B01GQ5H5T6,https://www.amazon.com/s?k=MARY%C3%A2S%20GONE%20CRACKERS%20SUPER%20SEED%2C%20SEAWEED%20%26%20BLACK%20SESAME%2C%205.5%20OZ.,https://www.ebay.com/sch/i.html?_nkw=MARY%C3%A2S%20GONE%20CRACKERS%20SUPER%20SEED%2C%20SEAWEED%20%26%20BLACK%20SESAME%2C%205.5%20OZ.,https://www.google.com/search?q=MARY%C3%A2S%20GONE%20CRACKERS%20SUPER%20SEED%2C%20SEAWEED%20%26%20BLACK%20SESAME%2C%205.5%20OZ.,https://seller.walmart.com/catalog/add-items?search=182728920,N/A,no,yes,no,1,0,1,147,iHerb,mfn,$10.20,147,$10.20,$10.20,10.2,4.23,1.54,15.10 %,36.40 %,9.55,4.62,1,$5.21,200+ units sold this month on Amazon,$4.43,$3.45,0,$0.82,8.00%,$0.03,1,$0.13,$0.30 /lb,$0.13,$0.00,$0.00,$0.00,$0.00,0,$0.00,4.6,547,"Pulling package information from B01GQ5H5T6 via amazon.com,3 or less sellers","6.30, 5.51, 2.13 in, 0.44 lbs",6.30,5.51,2.13,0.44,N/A,Computer
"06/19/2025, 12:11 AM PDT","06/19/2025, 03:11 AM EDT","06/19/2025, 02:11 AM CDT","06/19/2025, 12:11 AM PDT","McVitie's Cholesterol-Free Digestive The Original Wheat Biscuits, 8.8 Oz.",20629647,59290311426,N/A,N/A,McVitie's,Grocery,Cookies,N/A,N/A,MCV19009,https://i5.walmartimages.com/seo/McVitie-s-Cholesterol-Free-Digestive-The-Original-Wheat-Biscuits-8-8-Oz_3517e370-995e-4a17-88c5-40d5dbca53e0.dd41194e1d3a3d6765800779166952f5.jpeg,,N/A,https://www.walmart.com/ip/20629647,3.45,https://www.amazon.com/dp/B004DCEJMQ,https://www.amazon.com/s?k=McVitie's%20Cholesterol-Free%20Digestive%20The%20Original%20Wheat%20Biscuits%2C%208.8%20Oz.,https://www.ebay.com/sch/i.html?_nkw=McVitie's%20Cholesterol-Free%20Digestive%20The%20Original%20Wheat%20Biscuits%2C%208.8%20Oz.,https://www.google.com/search?q=McVitie's%20Cholesterol-Free%20Digestive%20The%20Original%20Wheat%20Biscuits%2C%208.8%20Oz.,https://seller.walmart.com/catalog/add-items?search=20629647,N/A,no,yes,no,5,2,3,80,Marny Store,wfs,$11.99,7,$11.99,$57.75,11.99,3.45,0.6,4.99 %,17.34 %,11.25,3.24,1,$23.57,N/A,$7.94,$5.75,0,$0.96,8.00%,$0.16,1,$1.08,$0.30 /lb,$1.08,$0.00,$0.00,$0.00,$0.00,0,$0.00,4.6,9,Pulling package information from B004DCEJMQ via amazon.com,"12.83, 9.21, 3.03 in, 3.59 lbs",12.83,9.21,3.03,3.59,N/A,Computer
"06/19/2025, 01:02 AM PDT","06/19/2025, 04:02 AM EDT","06/19/2025, 03:02 AM CDT","06/19/2025, 01:02 AM PDT",Mestemacher Organic Sunflower Seed Bread,129177051,84213006646,N/A,N/A,Mestemacher,Grocery,Breads & Buns,N/A,N/A,N/A,https://i5.walmartimages.com/seo/Mestemacher-Organic-Sunflower-Seed-Bread_047f02af-09d3-4c92-b99e-fc50bbadbed0.f6e1714b61a9d7176497ac5807a32bd5.jpeg,,N/A,https://www.walmart.com/ip/129177051,3.7,https://www.amazon.com/dp/B00M89X59Y,https://www.amazon.com/s?k=Mestemacher%20Organic%20Sunflower%20Seed%20Bread,https://www.ebay.com/sch/i.html?_nkw=Mestemacher%20Organic%20Sunflower%20Seed%20Bread,https://www.google.com/search?q=Mestemacher%20Organic%20Sunflower%20Seed%20Bread,https://seller.walmart.com/catalog/add-items?search=129177051,N/A,no,no,no,4,1,3,33,Third Eye Market,wfs,$12.99,20,$12.99,$18.99,12.99,3.7,2.93,22.59 %,79.32 %,0.00,5.31,1,$10.99,N/A,$6.36,$4.95,0,$1.04,8.00%,$0.03,1,$0.34,$0.30 /lb,$0.34,$0.00,$0.00,$0.00,$0.00,0,$0.00,4.4,15,Pulling package information from B00M89X59Y via amazon.com,"7.24, 4.02, 2.36 in, 1.12 lbs",7.24,4.02,2.36,1.12,N/A,Computer
"06/19/2025, 01:05 AM PDT","06/19/2025, 04:05 AM EDT","06/19/2025, 03:05 AM CDT","06/19/2025, 01:05 AM PDT","Mestemacher Natural Pumpernickel With Whole Rye Kernels, 17.6 oz",33331983,84213000712,N/A,N/A,Mestemacher,Grocery,Breads & Buns,N/A,N/A,82390,https://i5.walmartimages.com/seo/Mestemacher-Natural-Pumpernickel-With-Whole-Rye-Kernels-17-6-oz_0cc736e9-8b85-42de-93b6-0eeff95251fb.f24b4c25ca58c9ebb2eab5974bbde2ef.jpeg,,N/A,https://www.walmart.com/ip/33331983,3.34,https://www.amazon.com/dp/B000WD5RL2,https://www.amazon.com/s?k=Mestemacher%20Natural%20Pumpernickel%20With%20Whole%20Rye%20Kernels%2C%2017.6%20oz,https://www.ebay.com/sch/i.html?_nkw=Mestemacher%20Natural%20Pumpernickel%20With%20Whole%20Rye%20Kernels%2C%2017.6%20oz,https://www.google.com/search?q=Mestemacher%20Natural%20Pumpernickel%20With%20Whole%20Rye%20Kernels%2C%2017.6%20oz,https://seller.walmart.com/catalog/add-items?search=33331983,N/A,no,no,no,3,1,2,13,EpicDealz,mfn,$10.95,6,$10.95,$13.99,10.95,3.34,1.38,12.62 %,41.37 %,0.00,3.78,1,$7.77,N/A,$6.23,$4.95,0,$0.88,8.00%,$0.02,1,$0.38,$0.30 /lb,$0.38,$0.00,$0.00,$0.00,$0.00,0,$0.00,2.8,10,"Pulling package information from B000WD5RL2 via amazon.com,3 or less sellers","7.24, 3.82, 2.01 in, 1.26 lbs",7.24,3.82,2.01,1.26,N/A,Computer
"06/19/2025, 01:10 AM PDT","06/19/2025, 04:10 AM EDT","06/19/2025, 03:10 AM CDT","06/19/2025, 01:10 AM PDT",MESTEMACHER - Sunflower Seed Bread Ready-to-Eat 17.6OZ,37620521,84213000743,N/A,N/A,Mestemacher,Grocery,Breads & Buns,N/A,N/A,724123,https://i5.walmartimages.com/seo/MESTEMACHER-Sunflower-Seed-Bread-Ready-to-Eat-17-6OZ-Pack-of-12_ae06e436-bd50-45dd-9448-42d46b391151.4d6499ff487385e493a1bb01e454569b.jpeg,,N/A,https://www.walmart.com/ip/37620521,3.79,https://www.amazon.com/dp/B00IV6XP84,https://www.amazon.com/s?k=MESTEMACHER%20-%20Sunflower%20Seed%20Bread%20Ready-to-Eat%2017.6OZ,https://www.ebay.com/sch/i.html?_nkw=MESTEMACHER%20-%20Sunflower%20Seed%20Bread%20Ready-to-Eat%2017.6OZ,https://www.google.com/search?q=MESTEMACHER%20-%20Sunflower%20Seed%20Bread%20Ready-to-Eat%2017.6OZ,https://seller.walmart.com/catalog/add-items?search=37620521,N/A,no,no,no,7,1,6,676,VL Store,wfs,$10.00,115,$9.75,$67.71,10,3.79,0.1,0.97 %,2.56 %,10.00,3.11,1,$28.99,50+ units sold this month on Amazon,$6.11,$4.95,0,$0.80,8.00%,$0.03,1,$0.34,$0.30 /lb,$0.34,$0.00,$0.00,$0.00,$0.00,0,$0.00,4.1,21,"Pulling package information from B00IV6XP84 via amazon.com,User edited dimensions/weight","7.87, 3.70, 2.13 in, 1.12 lbs",7.87,3.70,2.13,1.12,N/A,Computer
"06/19/2025, 01:12 AM PDT","06/19/2025, 04:12 AM EDT","06/19/2025, 03:12 AM CDT","06/19/2025, 01:12 AM PDT",Method Coco Twist Deodorant 2.65 oz,9007173361,843536109362,N/A,N/A,method,Health & Personal Care,Deodorants & Antiperspirants,N/A,N/A,374488,https://i5.walmartimages.com/seo/Method-Deodorant-Coco-Twist-Coconut-Milk-Avocado-Macadamia-Oil-notes-24-Hour-Odor-Protection-2-65-oz_39eb4771-57e4-4f67-953b-4ed3d52a5fe5.31ca34e944176425512d4f6dcb5b8bb0.jpeg,,N/A,https://www.walmart.com/ip/9007173361,9.77,https://www.amazon.com/dp/B0D1DV5Z7J,https://www.amazon.com/s?k=Method%20Coco%20Twist%20Deodorant%202.65%20oz,https://www.ebay.com/sch/i.html?_nkw=Method%20Coco%20Twist%20Deodorant%202.65%20oz,https://www.google.com/search?q=Method%20Coco%20Twist%20Deodorant%202.65%20oz,https://seller.walmart.com/catalog/add-items?search=9007173361,"Reviewers highlighted: smell, ingredients",no,no,no,3,0,3,14,CenturySix,mfn,$16.95,11,$16.95,$27.14,16.95,9.77,1.11,6.53 %,11.33 %,15.55,8.70,1,$12.79,300+ units sold this month on Amazon,$6.07,$3.45,0,$2.54,15.00%,$0.01,1,$0.07,$0.30 /lb,$0.07,$0.00,$0.00,$0.00,$0.00,0,$0.00,4.1,23,"Pulling package information from B0D1DV5Z7J via amazon.com,3 or less sellers","4.41, 2.17, 1.30 in, 0.25 lbs",4.41,2.17,1.30,0.25,N/A,Computer
"06/19/2025, 01:13 AM PDT","06/19/2025, 04:13 AM EDT","06/19/2025, 03:13 AM CDT","06/19/2025, 01:13 AM PDT","Method Deodorant, Daily Zen, Cucumber, Seaweed + Green Tea notes, 24 Hour Odor Protection, 2.65 oz",9026424674,843536109355,N/A,N/A,method,Health & Personal Care,Deodorants & Antiperspirants,N/A,N/A,374486,https://i5.walmartimages.com/seo/Method-Deodorant-Daily-Zen-Cucumber-Seaweed-Green-Tea-notes-24-Hour-Odor-Protection-2-65-oz_b3dfc871-6078-4f04-8c83-7f4223d79462.e5232a3f29f5037e591057a4620445ca.jpeg,,N/A,https://www.walmart.com/ip/9026424674,9.77,https://www.amazon.com/dp/B0D1DJ6PF4,https://www.amazon.com/s?k=Method%20Deodorant%2C%20Daily%20Zen%2C%20Cucumber%2C%20Seaweed%20%2B%20Green%20Tea%20notes%2C%2024%20Hour%20Odor%20Protection%2C%202.65%20oz,https://www.ebay.com/sch/i.html?_nkw=Method%20Deodorant%2C%20Daily%20Zen%2C%20Cucumber%2C%20Seaweed%20%2B%20Green%20Tea%20notes%2C%2024%20Hour%20Odor%20Protection%2C%202.65%20oz,https://www.google.com/search?q=Method%20Deodorant%2C%20Daily%20Zen%2C%20Cucumber%2C%20Seaweed%20%2B%20Green%20Tea%20notes%2C%2024%20Hour%20Odor%20Protection%2C%202.65%20oz,https://seller.walmart.com/catalog/add-items?search=9026424674,"Reviewers highlighted: smell, ingredients",no,no,no,2,2,0,17,CenturySix,wfs,$16.85,9,$16.85,$16.85,16.85,9.77,1.03,6.09 %,10.50 %,15.55,8.64,1,$11.90,400+ units sold this month on Amazon,$6.05,$3.45,0,$2.53,15.00%,$0.00,1,$0.07,$0.30 /lb,$0.07,$0.00,$0.00,$0.00,$0.00,0,$0.00,4.4,23,"Pulling package information from B0D1DJ6PF4 via amazon.com,3 or less sellers","4.41, 2.13, 1.14 in, 0.24 lbs",4.41,2.13,1.14,0.24,N/A,Computer
"06/19/2025, 01:14 AM PDT","06/19/2025, 04:14 AM EDT","06/19/2025, 03:14 AM CDT","06/19/2025, 01:14 AM PDT","Method Deodorant, Glacier + Granite, 24 Hour Odor Protection, 2.65 oz",9009301161,843536109386,N/A,N/A,method,Health & Personal Care,Deodorants & Antiperspirants,N/A,N/A,374492,https://i5.walmartimages.com/seo/Method-Deodorant-Glacier-Granite-24-Hour-Odor-Protection-2-65-oz_7c5c658c-55ab-4777-8b92-a0f0ed10cc81.4e41d218da2f7d2558514ad88d4572c8.jpeg,,N/A,https://www.walmart.com/ip/9009301161,9.77,https://www.amazon.com/dp/B0D1DT9QYS,https://www.amazon.com/s?k=Method%20Deodorant%2C%20Glacier%20%2B%20Granite%2C%2024%20Hour%20Odor%20Protection%2C%202.65%20oz,https://www.ebay.com/sch/i.html?_nkw=Method%20Deodorant%2C%20Glacier%20%2B%20Granite%2C%2024%20Hour%20Odor%20Protection%2C%202.65%20oz,https://www.google.com/search?q=Method%20Deodorant%2C%20Glacier%20%2B%20Granite%2C%2024%20Hour%20Odor%20Protection%2C%202.65%20oz,https://seller.walmart.com/catalog/add-items?search=9009301161,"Reviewers highlighted: smell, texture, ingredients",no,no,no,3,0,3,30,First Class Shop,mfn,$16.98,4,$16.80,$20.29,16.98,9.77,1.14,6.69 %,11.63 %,15.55,8.72,1,$12.79,400+ units sold this month on Amazon,$6.07,$3.45,0,$2.55,15.00%,$0.01,1,$0.07,$0.30 /lb,$0.07,$0.00,$0.00,$0.00,$0.00,0,$0.00,4.5,24,"Pulling package information from B0D1DT9QYS via amazon.com,3 or less sellers","4.41, 2.17, 1.26 in, 0.24 lbs",4.41,2.17,1.26,0.24,N/A,Computer
"06/19/2025, 01:28 AM PDT","06/19/2025, 04:28 AM EDT","06/19/2025, 03:28 AM CDT","06/19/2025, 01:28 AM PDT","method Dish Soap, Pink Grapefruit, 18 ounce",102344297,817939007297,N/A,N/A,method,Kitchen,Dish Soaps,SCJohnson,N/A,817939007297,https://i5.walmartimages.com/seo/method-Dish-Soap-Pink-Grapefruit-18-ounce_4d4cc7bd-773e-4c0d-9f8a-666d58ddd240.e1d70cfcccef937b067aeede2e04bff8.jpeg,,N/A,https://www.walmart.com/ip/102344297,4.08,https://www.amazon.com/dp/B006K3RPMM,https://www.amazon.com/s?k=method%20Dish%20Soap%2C%20Pink%20Grapefruit%2C%2018%20ounce,https://www.ebay.com/sch/i.html?_nkw=method%20Dish%20Soap%2C%20Pink%20Grapefruit%2C%2018%20ounce,https://www.google.com/search?q=method%20Dish%20Soap%2C%20Pink%20Grapefruit%2C%2018%20ounce,https://seller.walmart.com/catalog/add-items?search=102344297,N/A,no,no,no,3,1,2,36,MAXIMUS DEALS,wfs,$12.95,6,$12.95,$47.23,12.95,4.08,1.55,11.95 %,37.94 %,11.05,4.50,1,$19.99,N/A,$7.32,$4.95,0,$1.94,15.00%,$0.03,1,$0.40,$0.30 /lb,$0.40,$0.00,$0.00,$0.00,$0.00,0,$0.00,4.5,60,"Pulling package information from B006K3RPMM via amazon.com,3 or less sellers","10.31, 2.83, 2.64 in, 1.32 lbs",10.31,2.83,2.64,1.32,N/A,Computer
"06/19/2025, 01:35 AM PDT","06/19/2025, 04:35 AM EDT","06/19/2025, 03:35 AM CDT","06/19/2025, 01:35 AM PDT","Method Foaming Hand Wash, Coconut Water, 10 ounce",183512286,817939018545,1,2,method,Health & Personal Care,Hand Soaps,N/A,N/A,MTH01854,https://i5.walmartimages.com/seo/Method-Foaming-Hand-Wash-Coconut-Water-10-ounce_93821b11-b748-430d-aaad-68a724079667.1b91d04567c4f34252d2b48fd5f4dd54.jpeg,,N/A,https://www.walmart.com/ip/183512286,4.06,https://www.amazon.com/dp/B079P955BQ,https://www.amazon.com/s?k=Method%20Foaming%20Hand%20Wash%2C%20Coconut%20Water%2C%2010%20ounce,https://www.ebay.com/sch/i.html?_nkw=Method%20Foaming%20Hand%20Wash%2C%20Coconut%20Water%2C%2010%20ounce,https://www.google.com/search?q=Method%20Foaming%20Hand%20Wash%2C%20Coconut%20Water%2C%2010%20ounce,https://seller.walmart.com/catalog/add-items?search=183512286,"Reviewers highlighted: foam, kids, refreshing",no,yes,no,2,0,2,63,M.O.S. Hardware,mfn,$11.95,48,$11.95,$15.25,11.95,4.06,0.88,7.32 %,21.55 %,10.85,3.95,1,$6.93,100+ units sold this month on Amazon,$7.01,$4.95,0,$1.79,15.00%,$0.03,1,$0.24,$0.30 /lb,$0.24,$0.00,$0.00,$0.00,$0.00,0,$0.00,4.6,34,"The listing has 2 variations,3 or less sellers","3.13, 3.13, 7.63 in, 0.80 lbs",3.13,3.13,7.63,0.80,N/A,Computer
"06/19/2025, 03:29 AM PDT","06/19/2025, 06:29 AM EDT","06/19/2025, 05:29 AM CDT","06/19/2025, 03:29 AM PDT","Method Gel Hand Soap, Refill, Sweet Water, 34 oz",448073195,843536105777,"1, 34 oz",1,method,Health & Personal Care,Hand Soaps,N/A,N/A,00652,https://i5.walmartimages.com/seo/Method-Gel-Hand-Soap-Refill-Sweet-Water-34-oz_e7984fff-aa4b-4205-bfd0-fbfee305b17b.e27c936e590dc6880f95a43c4c845767.jpeg,,N/A,https://www.walmart.com/ip/448073195,7.17,https://www.amazon.com/dp/B0BWRGYPJK,https://www.amazon.com/s?k=Method%20Gel%20Hand%20Soap%2C%20Refill%2C%20Sweet%20Water%2C%2034%20oz,https://www.ebay.com/sch/i.html?_nkw=Method%20Gel%20Hand%20Soap%2C%20Refill%2C%20Sweet%20Water%2C%2034%20oz,https://www.google.com/search?q=Method%20Gel%20Hand%20Soap%2C%20Refill%2C%20Sweet%20Water%2C%2034%20oz,https://seller.walmart.com/catalog/add-items?search=448073195,N/A,yes,yes,no,5,0,5,395,First Class Shop,mfn,$16.95,5,$16.95,$19.77,16.95,7.17,1.01,5.96 %,14.10 %,15.65,6.54,1,$18.50,50+ units sold this month on Amazon,$8.77,$5.45,0,$2.54,15.00%,$0.05,1,$0.73,$0.30 /lb,$0.73,$0.00,$0.00,$0.00,$0.00,0,$0.00,4.6,41,Pulling package information from B0BWRGYPJK via amazon.com,"7.87, 5.47, 2.56 in, 2.43 lbs",7.87,5.47,2.56,2.43,N/A,Computer
"06/19/2025, 03:31 AM PDT","06/19/2025, 06:31 AM EDT","06/19/2025, 05:31 AM CDT","06/19/2025, 03:31 AM PDT",method Waterfall - Hand wash refill - gel - bottle - 0.3 gal,892706869,843536105876,N/A,N/A,method,Health & Personal Care,Hand Soaps,N/A,N/A,Waterfall,https://i5.walmartimages.com/seo/Method-1024771-34-oz-Method-Waterfall-Scent-Hand-Soap-Refill-Pack-of-4_a3644f72-4e56-43d1-867f-7b9773a67de0.dbb784359732d37e650b6192825ef75b.jpeg,,N/A,https://www.walmart.com/ip/892706869,7.11,N/A,https://www.amazon.com/s?k=method%20Waterfall%20-%20Hand%20wash%20refill%20-%20gel%20-%20bottle%20-%200.3%20gal,https://www.ebay.com/sch/i.html?_nkw=method%20Waterfall%20-%20Hand%20wash%20refill%20-%20gel%20-%20bottle%20-%200.3%20gal,https://www.google.com/search?q=method%20Waterfall%20-%20Hand%20wash%20refill%20-%20gel%20-%20bottle%20-%200.3%20gal,https://seller.walmart.com/catalog/add-items?search=892706869,N/A,no,no,no,6,1,5,285,Sell Experts,wfs,$18.88,2,$18.79,$48.99,18.88,7.11,2.24,11.85 %,31.47 %,16.15,7.48,1,NA,N/A,$9.53,$5.75,0,$2.83,15.00%,$0.22,1,$0.73,$0.30 /lb,$0.73,$0.00,$0.00,$0.00,$0.00,0,$0.00,4.2,24,N/A,"11.30, 5.54, 7.93 in, 2.45 lbs",11.30,5.54,7.93,2.45,N/A,Computer
"06/19/2025, 03:38 AM PDT","06/19/2025, 06:38 AM EDT","06/19/2025, 05:38 AM CDT","06/19/2025, 03:38 AM PDT","Method Men's Bar Soap, Cedar and Cypress, 6oz",258934033,817939018835,N/A,N/A,method,Health & Personal Care,Bath Soaps,N/A,N/A,817939018842,https://i5.walmartimages.com/seo/Method-Men-s-Bar-Soap-Cedar-and-Cypress-6oz_83aa0c16-fb15-48c0-9aee-09b0d44592be.2c6c8a31c6fb5964d147293de80a68e6.jpeg,,N/A,https://www.walmart.com/ip/258934033,4.57,https://www.amazon.com/dp/B07GJD5HT1,https://www.amazon.com/s?k=Method%20Men's%20Bar%20Soap%2C%20Cedar%20and%20Cypress%2C%206oz,https://www.ebay.com/sch/i.html?_nkw=Method%20Men's%20Bar%20Soap%2C%20Cedar%20and%20Cypress%2C%206oz,https://www.google.com/search?q=Method%20Men's%20Bar%20Soap%2C%20Cedar%20and%20Cypress%2C%206oz,https://seller.walmart.com/catalog/add-items?search=258934033,N/A,no,no,no,4,2,2,203,EISSAH Holdings,wfs,$9.99,106,$8.90,$10.99,9.99,4.57,0.05,0.46 %,1.01 %,9.85,3.69,1,$5.95,200+ units sold this month on Amazon,$5.37,$3.45,0,$0.80,8.00%,$0.00,1,$1.12,$0.30 /lb,$0.12,$0.00,$0.00,$0.00,$0.00,0,$0.00,4.3,64,N/A,"1.10, 2.50, 4.00 in, 0.40 lbs",1.10,2.50,4.00,0.40,N/A,Computer
"06/19/2025, 04:00 AM PDT","06/19/2025, 07:00 AM EDT","06/19/2025, 06:00 AM CDT","06/19/2025, 04:00 AM PDT","Michael Angelo's Nonna's Secret Spicy Marinara Pasta Sauce, 24oz",1676953765,37363987839,Single,2,Michael Angelo's,Grocery,Pasta Sauces,N/A,04-00871,N/A,https://i5.walmartimages.com/seo/Michael-Angelo-s-Nonna-s-Secret-Spicy-Marinara-Pasta-Sauce-24oz_e1784bf0-953e-4fbc-a2cc-e9941ef9eb75.1f5b1a6138431cbf4cd6978fa36922cf.jpeg,,N/A,https://www.walmart.com/ip/1676953765,3.95,https://www.amazon.com/dp/B0DKPHTDCM,https://www.amazon.com/s?k=Michael%20Angelo's%20Nonna's%20Secret%20Spicy%20Marinara%20Pasta%20Sauce%2C%2024oz,https://www.ebay.com/sch/i.html?_nkw=Michael%20Angelo's%20Nonna's%20Secret%20Spicy%20Marinara%20Pasta%20Sauce%2C%2024oz,https://www.google.com/search?q=Michael%20Angelo's%20Nonna's%20Secret%20Spicy%20Marinara%20Pasta%20Sauce%2C%2024oz,https://seller.walmart.com/catalog/add-items?search=1676953765,N/A,yes,no,no,2,0,2,13,Shop Hop,mfn,$13.89,3,$13.89,$14.81,13.89,3.95,3.53,25.39 %,89.28 %,10.00,5.98,1,$17.55,N/A,$6.41,$4.95,0,$1.11,8.00%,$0.05,1,$0.30,$0.30 /lb,$0.30,$0.00,$0.00,$0.00,$0.00,0,$0.00,4.6,81,"The listing has 2 variations,Pulling package information from B0DKPHTDCM via amazon.com,3 or less sellers","5.98, 5.00, 4.02 in, 1.00 lbs",5.98,5.00,4.02,1.00,N/A,Computer
"06/19/2025, 04:04 AM PDT","06/19/2025, 07:04 AM EDT","06/19/2025, 06:04 AM CDT","06/19/2025, 04:04 AM PDT","Michael'S Of Brooklyn Fresh Tomato And Basil Pasta Sauce , 32 Oz",198505359,855019004019,N/A,N/A,Michael's of Brooklyn,Grocery,Pasta Sauces,N/A,83001,1267061,https://i5.walmartimages.com/seo/Michael-S-Of-Brooklyn-Fresh-Tomato-And-Basil-Pasta-Sauce-32-Oz_96b83af9-4807-43a4-a072-d994d8bfc3ff.0e6c64e994000ad0a5c425b2540210d7.jpeg,,N/A,https://www.walmart.com/ip/198505359,6.08,https://www.amazon.com/dp/B00JGZFZ1Y,https://www.amazon.com/s?k=Michael'S%20Of%20Brooklyn%20Fresh%20Tomato%20And%20Basil%20Pasta%20Sauce%20%2C%2032%20Oz,https://www.ebay.com/sch/i.html?_nkw=Michael'S%20Of%20Brooklyn%20Fresh%20Tomato%20And%20Basil%20Pasta%20Sauce%20%2C%2032%20Oz,https://www.google.com/search?q=Michael'S%20Of%20Brooklyn%20Fresh%20Tomato%20And%20Basil%20Pasta%20Sauce%20%2C%2032%20Oz,https://seller.walmart.com/catalog/add-items?search=198505359,N/A,no,no,no,2,1,1,12,Elevayz,wfs,$15.20,7,$15.20,$23.75,15.2,6.08,0.79,5.19 %,12.99 %,13.10,5.50,1,OOS,N/A,$8.33,$5.45,0,$2.28,15.00%,$0.00,1,$0.60,$0.30 /lb,$0.60,$0.00,$0.00,$0.00,$0.00,0,$0.00,4.5,2,3 or less sellers,"1.00, 1.00, 1.00 in, 2.00 lbs",1.00,1.00,1.00,2.00,N/A,Computer
"06/19/2025, 04:14 AM PDT","06/19/2025, 07:14 AM EDT","06/19/2025, 06:14 AM CDT","06/19/2025, 04:14 AM PDT","Mighty Leaf Tea Chamomile Citrus Herbal Tea Bags, 15 Count",54500640,656252400015,N/A,N/A,Mighty Leaf Tea,Grocery,Tea Bags,N/A,N/A,MYT40001,https://i5.walmartimages.com/seo/Mighty-Leaf-Tea-Chamomile-Citrus-Herbal-Tea-Bags-15-Count_ff1fc615-3832-4b77-8b9b-a3f2523216a8.f8fb0d28a966b74b3f272f4e1ae25d67.jpeg,,N/A,https://www.walmart.com/ip/54500640,6.18,https://www.amazon.com/dp/B01K9MALF2,https://www.amazon.com/s?k=Mighty%20Leaf%20Tea%20Chamomile%20Citrus%20Herbal%20Tea%20Bags%2C%2015%20Count,https://www.ebay.com/sch/i.html?_nkw=Mighty%20Leaf%20Tea%20Chamomile%20Citrus%20Herbal%20Tea%20Bags%2C%2015%20Count,https://www.google.com/search?q=Mighty%20Leaf%20Tea%20Chamomile%20Citrus%20Herbal%20Tea%20Bags%2C%2015%20Count,https://seller.walmart.com/catalog/add-items?search=54500640,N/A,no,yes,yes,6,1,4,1057,Walmart.com,wmt,$11.00,691,$11.00,$25.35,11,6.18,0.41,3.73 %,6.64 %,10.45,5.27,1,$9.49,200+ units sold this month on Amazon,$4.41,$3.45,0,$0.88,8.00%,$0.03,1,$0.05,$0.30 /lb,$0.05,$0.00,$0.00,$0.00,$0.00,0,$0.00,4.6,303,"Walmart.com is on the listing,Pulling package information from B01K9MALF2 via amazon.com","5.16, 3.39, 3.35 in, 0.18 lbs",5.16,3.39,3.35,0.18,N/A,Computer
"06/19/2025, 04:17 AM PDT","06/19/2025, 07:17 AM EDT","06/19/2025, 06:17 AM CDT","06/19/2025, 04:17 AM PDT","Mighty Leaf Tea Organic African Nectar Stitch Tea Bags, 15 Count",555228499,656252400077,15 ct,1,Mighty Leaf Tea,Grocery,Tea Bags,N/A,N/A,0656252400077,https://i5.walmartimages.com/seo/Mighty-Leaf-Tea-Organic-African-Nectar-Stitch-Tea-Bags-15-Count_2b8e3959-b7ac-4c77-95c5-bf428609c78a.8efa2040a6510272dc246df225258ead.jpeg,,N/A,https://www.walmart.com/ip/555228499,6.18,https://www.amazon.com/dp/B07JKM8B34,https://www.amazon.com/s?k=Mighty%20Leaf%20Tea%20Organic%20African%20Nectar%20Stitch%20Tea%20Bags%2C%2015%20Count,https://www.ebay.com/sch/i.html?_nkw=Mighty%20Leaf%20Tea%20Organic%20African%20Nectar%20Stitch%20Tea%20Bags%2C%2015%20Count,https://www.google.com/search?q=Mighty%20Leaf%20Tea%20Organic%20African%20Nectar%20Stitch%20Tea%20Bags%2C%2015%20Count,https://seller.walmart.com/catalog/add-items?search=555228499,N/A,no,no,no,0,0,0,0,N/A,N/A,0,,,Price,12.59,6.18,1.88,14.95 %,30.46 %,10.45,6.45,1,$12.83,200+ units sold this month on Amazon,$4.53,$3.45,0,$1.01,8.00%,$0.03,1,$0.04,$0.30 /lb,$0.04,$0.00,$0.00,$0.00,$0.00,0,$0.00,4.7,315,"Walmart.com is on the listing,Pulling package information from B07JKM8B34 via amazon.com,3 or less sellers","5.04, 3.43, 3.39 in, 0.15 lbs",5.04,3.43,3.39,0.15,N/A,Computer
"06/19/2025, 04:19 AM PDT","06/19/2025, 07:19 AM EDT","06/19/2025, 06:19 AM CDT","06/19/2025, 04:19 AM PDT","Mighty Leaf Tea Organic Spring Jasmine, Green Tea, 15 Tea Bags",54500644,656252400169,N/A,N/A,Milton,Grocery,Tea Bags,N/A,N/A,MYT40016,https://i5.walmartimages.com/seo/Mighty-Leaf-Tea-Organic-Spring-Jasmine-Green-Tea-15-Tea-Bags_956ed459-4526-494b-aa7e-ec6af85d6265.b0018e59ca1adbfd66352d6f2d7d0bde.jpeg,,N/A,https://www.walmart.com/ip/54500644,6.18,https://www.amazon.com/dp/B01K9MAJV8,https://www.amazon.com/s?k=Mighty%20Leaf%20Tea%20Organic%20Spring%20Jasmine%2C%20Green%20Tea%2C%2015%20Tea%20Bags,https://www.ebay.com/sch/i.html?_nkw=Mighty%20Leaf%20Tea%20Organic%20Spring%20Jasmine%2C%20Green%20Tea%2C%2015%20Tea%20Bags,https://www.google.com/search?q=Mighty%20Leaf%20Tea%20Organic%20Spring%20Jasmine%2C%20Green%20Tea%2C%2015%20Tea%20Bags,https://seller.walmart.com/catalog/add-items?search=54500644,N/A,no,no,no,0,0,0,0,N/A,N/A,0,,,Price,12.06,6.18,1.39,11.50 %,22.44 %,10.45,6.05,1,$12.26,50+ units sold this month on Amazon,$4.49,$3.45,0,$0.96,8.00%,$0.02,1,$0.05,$0.30 /lb,$0.05,$0.00,$0.00,$0.00,$0.00,0,$0.00,4.5,180,"Walmart.com is on the listing,Pulling package information from B01K9MAJV8 via amazon.com,3 or less sellers","5.04, 3.39, 3.31 in, 0.18 lbs",5.04,3.39,3.31,0.18,N/A,Computer
"06/19/2025, 04:21 AM PDT","06/19/2025, 07:21 AM EDT","06/19/2025, 06:21 AM CDT","06/19/2025, 04:21 AM PDT","Mighty Leaf, Organic Earl Grey Stitched Tea Bags, 15 ct",54500642,656252400046,15 ct,1,Mighty Leaf Tea,Grocery,Tea Bags,N/A,N/A,MYT40004,https://i5.walmartimages.com/seo/Mighty-Leaf-Organic-Earl-Grey-Stitched-Tea-Bags-15-ct_49e32e39-3d3f-4e3e-9080-fb6e1e2a9ef4.27aa004485c34260934f30fd1d7803f6.jpeg,,N/A,https://www.walmart.com/ip/54500642,6.18,https://www.amazon.com/dp/B01K9MARQA,https://www.amazon.com/s?k=Mighty%20Leaf%2C%20Organic%20Earl%20Grey%20Stitched%20Tea%20Bags%2C%2015%20ct,https://www.ebay.com/sch/i.html?_nkw=Mighty%20Leaf%2C%20Organic%20Earl%20Grey%20Stitched%20Tea%20Bags%2C%2015%20ct,https://www.google.com/search?q=Mighty%20Leaf%2C%20Organic%20Earl%20Grey%20Stitched%20Tea%20Bags%2C%2015%20ct,https://seller.walmart.com/catalog/add-items?search=54500642,N/A,no,no,no,3,2,1,29,Gourmet on the way LLC,wfs,$11.85,6,$11.85,$24.47,11.85,6.18,1.2,10.17 %,19.49 %,10.45,5.91,1,$14.95,N/A,$4.47,$3.45,0,$0.95,8.00%,$0.02,1,$0.05,$0.30 /lb,$0.05,$0.00,$0.00,$0.00,$0.00,0,$0.00,4.7,270,"Pulling package information from B01K9MARQA via amazon.com,3 or less sellers","5.00, 2.99, 2.99 in, 0.16 lbs",5.00,2.99,2.99,0.16,N/A,Computer
"06/19/2025, 04:23 AM PDT","06/19/2025, 07:23 AM EDT","06/19/2025, 06:23 AM CDT","06/19/2025, 04:23 AM PDT","Mighty Leaf Tea Organic Mint Melange Herbal Tea Bags, 15 Count",54500647,656252400084,N/A,N/A,Mighty Leaf Tea,Grocery,Tea Bags,N/A,N/A,510142,https://i5.walmartimages.com/seo/Mighty-Leaf-Tea-Organic-Mint-Melange-Herbal-Tea-Bags-15-Count_6c2854a2-676d-4419-bf00-13ae14d75e3d.95995ae46fea6bb7a351795e117b441f.jpeg,,N/A,https://www.walmart.com/ip/54500647,6.18,https://www.amazon.com/dp/B01K9MAOJA,https://www.amazon.com/s?k=Mighty%20Leaf%20Tea%20Organic%20Mint%20Melange%20Herbal%20Tea%20Bags%2C%2015%20Count,https://www.ebay.com/sch/i.html?_nkw=Mighty%20Leaf%20Tea%20Organic%20Mint%20Melange%20Herbal%20Tea%20Bags%2C%2015%20Count,https://www.google.com/search?q=Mighty%20Leaf%20Tea%20Organic%20Mint%20Melange%20Herbal%20Tea%20Bags%2C%2015%20Count,https://seller.walmart.com/catalog/add-items?search=54500647,N/A,no,yes,no,9,1,8,357,Aassi Traders,wfs,$15.72,30,$15.42,$27.08,15.72,6.18,3.67,23.33 %,59.35 %,10.45,7.88,1,$14.32,N/A,$5.87,$3.45,0,$2.36,15.00%,$0.03,1,$0.04,$0.30 /lb,$0.04,$0.00,$0.00,$0.00,$0.00,0,$0.00,4.7,100,Pulling package information from B01K9MAOJA via amazon.com,"5.04, 3.43, 3.39 in, 0.13 lbs",5.04,3.43,3.39,0.13,N/A,Computer
"06/19/2025, 04:29 AM PDT","06/19/2025, 07:29 AM EDT","06/19/2025, 06:29 AM CDT","06/19/2025, 04:29 AM PDT","Peanut Butter And Co Peanut Butter - Original Mighty Nut Powdered , 6.5 oz",190714592,861619000030,N/A,N/A,Peanut Butter & Co.,Grocery,Nut Butters & Spreads,N/A,N/A,PNB10001,https://i5.walmartimages.com/seo/Peanut-Butter-And-Co-Peanut-Butter-Original-Mighty-Nut-Powdered-6-5-oz_7f80bd07-a413-4121-9fb9-80552c41b422.1370de621503cbd0487aaf6d40c31992.jpeg,,N/A,https://www.walmart.com/ip/190714592,4.8,https://www.amazon.com/dp/B01M1K9ZX4,https://www.amazon.com/s?k=Peanut%20Butter%20And%20Co%20Peanut%20Butter%20-%20Original%20Mighty%20Nut%20Powdered%20%2C%206.5%20oz,https://www.ebay.com/sch/i.html?_nkw=Peanut%20Butter%20And%20Co%20Peanut%20Butter%20-%20Original%20Mighty%20Nut%20Powdered%20%2C%206.5%20oz,https://www.google.com/search?q=Peanut%20Butter%20And%20Co%20Peanut%20Butter%20-%20Original%20Mighty%20Nut%20Powdered%20%2C%206.5%20oz,https://seller.walmart.com/catalog/add-items?search=190714592,N/A,no,no,no,2,0,2,32,High Mart Online,mfn,$11.49,16,$11.49,$11.49,11.49,4.8,2.17,18.87 %,45.18 %,0.00,5.57,1,OOS,N/A,$4.52,$3.45,0,$0.92,8.00%,$0.03,1,$0.12,$0.30 /lb,$0.12,$0.00,$0.00,$0.00,$0.00,0,$0.00,4.7,17,"Pulling package information from B01M1K9ZX4 via amazon.com,3 or less sellers","5.71, 4.80, 2.72 in, 0.40 lbs",5.71,4.80,2.72,0.40,N/A,Computer
"06/19/2025, 11:13 PM PDT","06/20/2025, 02:13 AM EDT","06/20/2025, 01:13 AM CDT","06/19/2025, 11:13 PM PDT","Milky Way, Midnight Dark Chocolate Candy, 1.76 Oz",38253441,40000001041,N/A,N/A,Milky Way,Grocery,Candy Bars & Miniatures,N/A,N/A,MCLANE500135715,https://i5.walmartimages.com/seo/Milky-Way-Midnight-Dark-Chocolate-Candy-1-76-Oz_b5ef75fb-e86c-455f-a16d-1c241c918a6f.3c789ed473aeb73dda4f3d412299295c.jpeg,,N/A,https://www.walmart.com/ip/38253441,1.42,https://www.amazon.com/dp/B0043GVCBI,https://www.amazon.com/s?k=Milky%20Way%2C%20Midnight%20Dark%20Chocolate%20Candy%2C%201.76%20Oz,https://www.ebay.com/sch/i.html?_nkw=Milky%20Way%2C%20Midnight%20Dark%20Chocolate%20Candy%2C%201.76%20Oz,https://www.google.com/search?q=Milky%20Way%2C%20Midnight%20Dark%20Chocolate%20Candy%2C%201.76%20Oz,https://seller.walmart.com/catalog/add-items?search=38253441,N/A,yes,no,no,1,0,1,18,StyleMint LLC,mfn,$6.83,18,$6.83,$6.83,6.83,1.42,0.38,5.55 %,26.68 %,6.35,1.44,1,OOS,N/A,$5.03,$3.45,0,$0.55,8.00%,$0.00,1,$1.03,$0.30 /lb,$0.03,$0.00,$0.00,$0.00,$0.00,0,$0.00,4.9,47,3 or less sellers,"0.83, 3.94, 1.26 in, 0.11 lbs",0.83,3.94,1.26,0.11,N/A,Computer
"06/19/2025, 11:19 PM PDT","06/20/2025, 02:19 AM EDT","06/20/2025, 01:19 AM CDT","06/19/2025, 11:19 PM PDT","Milton's Gluten Free Crackers - Everything Seasoning, 4.5oz, Plastic Bag",149797732,606541803010,Single,2,Milton's,Grocery,Snack Crackers,Milton's,N/A,1613157,https://i5.walmartimages.com/seo/Milton-s-Gluten-Free-Crackers-Everything-Seasoning-4-5oz-Plastic-Bag_88f77db0-4777-49cf-9b0b-f2803bbd9354.9f93d2fa00df12cfdcba355a1b1824f3.jpeg,,N/A,https://www.walmart.com/ip/149797732,2.99,https://www.amazon.com/dp/B00NSNPWBI,https://www.amazon.com/s?k=Milton's%20Gluten%20Free%20Crackers%20-%20Everything%20Seasoning%2C%204.5oz%2C%20Plastic%20Bag,https://www.ebay.com/sch/i.html?_nkw=Milton's%20Gluten%20Free%20Crackers%20-%20Everything%20Seasoning%2C%204.5oz%2C%20Plastic%20Bag,https://www.google.com/search?q=Milton's%20Gluten%20Free%20Crackers%20-%20Everything%20Seasoning%2C%204.5oz%2C%20Plastic%20Bag,https://seller.walmart.com/catalog/add-items?search=149797732,N/A,no,yes,no,1,0,1,32,iHerb,mfn,$10.05,32,$10.05,$10.05,10.05,2.99,2.64,26.22 %,88.13 %,8.20,4.50,1,$7.00,700+ units sold this month on Amazon,$4.42,$3.45,0,$0.80,8.00%,$0.08,1,$0.09,$0.30 /lb,$0.09,$0.00,$0.00,$0.00,$0.00,0,$0.00,3.8,21,"The listing has 2 variations,Pulling package information from B00NSNPWBI via amazon.com,3 or less sellers","9.84, 7.36, 2.48 in, 0.31 lbs",9.84,7.36,2.48,0.31,N/A,Computer
"06/19/2025, 11:38 PM PDT","06/20/2025, 02:38 AM EDT","06/20/2025, 01:38 AM CDT","06/19/2025, 11:38 PM PDT","Monari Federzoni Glaze with Balsamic Vinegar, 9.1 oz.",22257752,672642000429,Single,2,Monari Federzoni,Grocery,Vinegars,N/A,N/A,672642000429,https://i5.walmartimages.com/seo/MONARI-FEDERZONI-GLAZE-WITH-BALSAMIC-VINEGAR-9-1-OZ_b0530009-8ddd-4276-89ad-18fa1ac144ff.ccee30453cf2b3304f27d22dfad9eef7.jpeg,,N/A,https://www.walmart.com/ip/22257752,4.2,https://www.amazon.com/dp/B000P7J8BU,https://www.amazon.com/s?k=Monari%20Federzoni%20Glaze%20with%20Balsamic%20Vinegar%2C%209.1%20oz.,https://www.ebay.com/sch/i.html?_nkw=Monari%20Federzoni%20Glaze%20with%20Balsamic%20Vinegar%2C%209.1%20oz.,https://www.google.com/search?q=Monari%20Federzoni%20Glaze%20with%20Balsamic%20Vinegar%2C%209.1%20oz.,https://seller.walmart.com/catalog/add-items?search=22257752,N/A,yes,yes,no,4,0,4,50,Vitozon,mfn,$12.48,2,$12.08,$13.98,12.08,4.2,3.26,27.00 %,77.66 %,9.55,5.97,1,$35.11,N/A,$4.62,$3.45,0,$0.97,8.00%,$0.01,1,$0.19,$0.30 /lb,$0.19,$0.00,$0.00,$0.00,$0.00,0,$0.00,4.7,42,"The listing has 2 variations,Pulling package information from B000P7J8BU via amazon.com","6.38, 2.36, 1.54 in, 0.64 lbs",6.38,2.36,1.54,0.64,N/A,Computer
"06/20/2025, 04:04 AM PDT","06/20/2025, 07:04 AM EDT","06/20/2025, 06:04 AM CDT","06/20/2025, 04:04 AM PDT","Mrs. Meyer's Clean Day Dryer Sheets, Honeysuckle Scent, 80 Count",55528803,808124701151,N/A,N/A,Mrs. Meyer's,Health & Personal Care,Dryer Sheets,N/A,N/A,675597,https://i5.walmartimages.com/seo/Mrs-Meyer-s-Clean-Day-Dryer-Sheets-Honeysuckle-Scent-80-Count_11fafbd6-8552-4bec-86f7-6fc41fd80ef8.82084374ea2bcae6a8b4cef1710a1662.jpeg,,N/A,https://www.walmart.com/ip/55528803,8.62,https://www.amazon.com/dp/B01FFOWP62,https://www.amazon.com/s?k=Mrs.%20Meyer's%20Clean%20Day%20Dryer%20Sheets%2C%20Honeysuckle%20Scent%2C%2080%20Count,https://www.ebay.com/sch/i.html?_nkw=Mrs.%20Meyer's%20Clean%20Day%20Dryer%20Sheets%2C%20Honeysuckle%20Scent%2C%2080%20Count,https://www.google.com/search?q=Mrs.%20Meyer's%20Clean%20Day%20Dryer%20Sheets%2C%20Honeysuckle%20Scent%2C%2080%20Count,https://seller.walmart.com/catalog/add-items?search=55528803,N/A,no,no,no,6,1,5,1108,CenturySix,wfs,$17.95,29,$17.81,$33.99,17.95,8.62,2.99,16.68 %,34.73 %,14.35,9.29,1,$17.65,1k+ units sold this month on Amazon,$6.34,$3.45,0,$2.69,15.00%,$0.03,1,$0.17,$0.30 /lb,$0.17,$0.00,$0.00,$0.00,$0.00,0,$0.00,4.4,56,Pulling package information from B01FFOWP62 via amazon.com,"7.09, 4.33, 2.13 in, 0.55 lbs",7.09,4.33,2.13,0.55,N/A,Computer
"06/20/2025, 04:19 AM PDT","06/20/2025, 07:19 AM EDT","06/20/2025, 06:19 AM CDT","06/20/2025, 04:19 AM PDT","Mrs. Meyer's Clean Day Hand Lotion, Rain Water Scent, 12 Ounce Bottle",294725342,808124113077,Rainwater,1,Mrs. Meyer's,Health & Personal Care,Hand Creams & Lotions,N/A,N/A,311101,https://i5.walmartimages.com/seo/Mrs-Meyer-s-Clean-Day-Hand-Lotion-Rain-Water-Scent-12-Ounce-Bottle_d56865cf-9342-4801-95a9-03e8c9769c4b.cf07d10d4f549b2cd76c1d2389c5114f.jpeg,,N/A,https://www.walmart.com/ip/294725342,5.21,https://www.amazon.com/dp/B07PH7948W,https://www.amazon.com/s?k=Mrs.%20Meyer's%20Clean%20Day%20Hand%20Lotion%2C%20Rain%20Water%20Scent%2C%2012%20Ounce%20Bottle,https://www.ebay.com/sch/i.html?_nkw=Mrs.%20Meyer's%20Clean%20Day%20Hand%20Lotion%2C%20Rain%20Water%20Scent%2C%2012%20Ounce%20Bottle,https://www.google.com/search?q=Mrs.%20Meyer's%20Clean%20Day%20Hand%20Lotion%2C%20Rain%20Water%20Scent%2C%2012%20Ounce%20Bottle,https://seller.walmart.com/catalog/add-items?search=294725342,N/A,no,no,no,2,0,2,60,iHerb,mfn,$13.29,42,$13.29,$14.89,13.29,5.21,0.86,6.46 %,16.49 %,12.20,4.86,1,$8.70,200+ units sold this month on Amazon,$7.22,$4.95,0,$1.99,15.00%,$0.02,1,$0.26,$0.30 /lb,$0.26,$0.00,$0.00,$0.00,$0.00,0,$0.00,3.6,16,"Pulling package information from B07PH7948W via amazon.com,3 or less sellers","6.61, 2.64, 2.56 in, 0.86 lbs",6.61,2.64,2.56,0.86,N/A,Computer
"06/20/2025, 04:21 AM PDT","06/20/2025, 07:21 AM EDT","06/20/2025, 06:21 AM CDT","06/20/2025, 04:21 AM PDT","Mrs. Meyer's Clean Day Hand Sanitizer, Removes 99.9% of Bacteria on Skin, Basil Scent, 2 Ounce Spray Bottle",491867912,808124111523,N/A,N/A,Mrs. Meyer's,Health & Personal Care,Hand Sanitizers,SCJohnson,300316,300316,https://i5.walmartimages.com/seo/Mrs-Meyer-s-Clean-Day-Hand-Sanitizer-Removes-99-9-of-Bacteria-on-Skin-Basil-Scent-2-Ounce-Spray-Bottle_d0d794d4-e668-45b8-b34b-0b62cfd33533.372b2bf6ae161b72af1535a930506e22.jpeg,,N/A,https://www.walmart.com/ip/491867912,3.65,https://www.amazon.com/dp/B07CP7CZ8Q,https://www.amazon.com/s?k=Mrs.%20Meyer's%20Clean%20Day%20Hand%20Sanitizer%2C%20Removes%2099.9%25%20of%20Bacteria%20on%20Skin%2C%20Basil%20Scent%2C%202%20Ounce%20Spray%20Bottle,https://www.ebay.com/sch/i.html?_nkw=Mrs.%20Meyer's%20Clean%20Day%20Hand%20Sanitizer%2C%20Removes%2099.9%25%20of%20Bacteria%20on%20Skin%2C%20Basil%20Scent%2C%202%20Ounce%20Spray%20Bottle,https://www.google.com/search?q=Mrs.%20Meyer's%20Clean%20Day%20Hand%20Sanitizer%2C%20Removes%2099.9%25%20of%20Bacteria%20on%20Skin%2C%20Basil%20Scent%2C%202%20Ounce%20Spray%20Bottle,https://seller.walmart.com/catalog/add-items?search=491867912,N/A,no,no,no,4,0,4,3655,CPGIO,mfn,$10.63,3355,$10.53,$19.98,10.63,3.65,1.89,17.81 %,51.87 %,8.75,4.43,1,$9.79,200+ units sold this month on Amazon,$5.09,$3.45,0,$1.59,15.00%,$0.00,1,$0.04,$0.30 /lb,$0.04,$0.00,$0.00,$0.00,$0.00,0,$0.00,4.9,37,Pulling package information from B07CP7CZ8Q via amazon.com,"5.28, 1.22, 1.18 in, 0.13 lbs",5.28,1.22,1.18,0.13,N/A,Computer
"06/20/2025, 04:23 AM PDT","06/20/2025, 07:23 AM EDT","06/20/2025, 06:23 AM CDT","06/20/2025, 04:23 AM PDT","Mrs. Meyer's Clean Day Hand Sanitizer, Removes 99.9% of Bacteria on Skin, Lavender Scent, 2 Ounce Spray Bottle",667545660,808124111547,N/A,N/A,Mrs. Meyer's,Health & Personal Care,Hand Sanitizers,SC Johnson,300318,300318,https://i5.walmartimages.com/seo/Mrs-Meyer-s-Clean-Day-Hand-Sanitizer-Removes-99-9-of-Bacteria-on-Skin-Lavender-Scent-2-Ounce-Spray-Bottle_cd2d4529-1809-4ae0-aca1-9c56784f272e.c01474c3a8a0006b3c705b9789f3cfa0.jpeg,,N/A,https://www.walmart.com/ip/667545660,3.65,https://www.amazon.com/dp/B07D8PQRMM,https://www.amazon.com/s?k=Mrs.%20Meyer's%20Clean%20Day%20Hand%20Sanitizer%2C%20Removes%2099.9%25%20of%20Bacteria%20on%20Skin%2C%20Lavender%20Scent%2C%202%20Ounce%20Spray%20Bottle,https://www.ebay.com/sch/i.html?_nkw=Mrs.%20Meyer's%20Clean%20Day%20Hand%20Sanitizer%2C%20Removes%2099.9%25%20of%20Bacteria%20on%20Skin%2C%20Lavender%20Scent%2C%202%20Ounce%20Spray%20Bottle,https://www.google.com/search?q=Mrs.%20Meyer's%20Clean%20Day%20Hand%20Sanitizer%2C%20Removes%2099.9%25%20of%20Bacteria%20on%20Skin%2C%20Lavender%20Scent%2C%202%20Ounce%20Spray%20Bottle,https://seller.walmart.com/catalog/add-items?search=667545660,N/A,no,no,no,4,0,4,467,Supply the Home,mfn,$13.25,160,$13.25,$16.13,13.25,3.65,4.12,31.09 %,112.86 %,8.75,6.22,1,$9.98,50+ units sold this month on Amazon,$5.48,$3.45,0,$1.99,15.00%,$0.00,1,$0.04,$0.30 /lb,$0.04,$0.00,$0.00,$0.00,$0.00,0,$0.00,4.6,70,Pulling package information from B07D8PQRMM via amazon.com,"5.47, 1.42, 1.22 in, 0.13 lbs",5.47,1.42,1.22,0.13,N/A,Computer
"06/20/2025, 04:45 AM PDT","06/20/2025, 07:45 AM EDT","06/20/2025, 06:45 AM CDT","06/20/2025, 04:45 AM PDT","Mrs. Meyer´s Clean Day Dish Soap, Peppermint, 16 oz",699686824,808124702127,N/A,N/A,Mrs. Meyer's,Kitchen,Dish Soaps,SC Johnson,N/A,685192,https://i5.walmartimages.com/seo/Mrs-Meyer-s-Clean-Day-Dish-Soap-Peppermint-16-oz_44ceeded-b3af-4231-836e-fe3b2d4ee934_1.73062da2f6af53d9c483ff4fd402d98e.jpeg,,N/A,https://www.walmart.com/ip/699686824,4.5,https://www.amazon.com/dp/B01LZLYN7P,https://www.amazon.com/s?k=Mrs.%20Meyer%C2%B4s%20Clean%20Day%20Dish%20Soap%2C%20Peppermint%2C%2016%20oz,https://www.ebay.com/sch/i.html?_nkw=Mrs.%20Meyer%C2%B4s%20Clean%20Day%20Dish%20Soap%2C%20Peppermint%2C%2016%20oz,https://www.google.com/search?q=Mrs.%20Meyer%C2%B4s%20Clean%20Day%20Dish%20Soap%2C%20Peppermint%2C%2016%20oz,https://seller.walmart.com/catalog/add-items?search=699686824,N/A,no,no,no,5,2,3,1748,Kwik Retail,wfs,$11.97,4,$11.97,$14.99,11.97,4.5,0.34,2.84 %,7.55 %,11.50,3.87,1,$14.64,N/A,$7.13,$4.95,0,$1.80,15.00%,$0.05,1,$0.34,$0.30 /lb,$0.34,$0.00,$0.00,$0.00,$0.00,0,$0.00,4.7,57,"For better accuracy, we’ve used dimensions from B01LCYU03Y to provide more precise estimates","9.53, 4.76, 2.48 in, 1.12 lbs",9.53,4.76,2.48,1.12,N/A,Computer
"06/20/2025, 11:36 PM PDT","06/21/2025, 02:36 AM EDT","06/21/2025, 01:36 AM CDT","06/20/2025, 11:36 PM PDT","Mrs. Meyer’s Clean Day Multi-Surface Everyday Cleaner, Orange Clove Scent, 16 Ounce Bottle",47844962,808124174436,N/A,N/A,Mrs. Meyer's,Kitchen,Household Cleaners,SC Johnson,N/A,663408,https://i5.walmartimages.com/seo/Mrs-Meyer-s-Clean-Day-Multi-Surface-Everyday-Cleaner-Orange-Clove-Scent-16-Ounce-Bottle_7ca0fa50-b5ff-4a1f-8a82-2c30dc550623.64a7654509a580914e7fa0be5220d9b1.jpeg,,N/A,https://www.walmart.com/ip/47844962,4.5,https://www.amazon.com/dp/B0167JYC1A,https://www.amazon.com/s?k=Mrs.%20Meyer%E2%80%99s%20Clean%20Day%20Multi-Surface%20Everyday%20Cleaner%2C%20Orange%20Clove%20Scent%2C%2016%20Ounce%20Bottle,https://www.ebay.com/sch/i.html?_nkw=Mrs.%20Meyer%E2%80%99s%20Clean%20Day%20Multi-Surface%20Everyday%20Cleaner%2C%20Orange%20Clove%20Scent%2C%2016%20Ounce%20Bottle,https://www.google.com/search?q=Mrs.%20Meyer%E2%80%99s%20Clean%20Day%20Multi-Surface%20Everyday%20Cleaner%2C%20Orange%20Clove%20Scent%2C%2016%20Ounce%20Bottle,https://seller.walmart.com/catalog/add-items?search=47844962,N/A,no,no,no,0,0,0,0,N/A,N/A,0,,,Price,16.25,4.5,3.97,24.43 %,88.22 %,11.50,6.78,1,$126.52,N/A,$7.78,$4.95,0,$2.44,15.00%,$0.04,1,$0.35,$0.30 /lb,$0.35,$0.00,$0.00,$0.00,$0.00,0,$0.00,4.7,92,3 or less sellers,"2.75, 3.35, 9.70 in, 1.18 lbs",2.75,3.35,9.70,1.18,N/A,Computer
"06/20/2025, 11:41 PM PDT","06/21/2025, 02:41 AM EDT","06/21/2025, 01:41 AM CDT","06/20/2025, 11:41 PM PDT","Mrs. Meyer’s Clean Day Multi-Surface Everyday Cleaner, Peppermint Scent, 16 Ounce Bottle",149313842,808124702110,N/A,N/A,Mrs. Meyer's,Kitchen,Household Cleaners,SCJohnson,N/A,685191,https://i5.walmartimages.com/seo/Mrs-Meyer-s-Clean-Day-Multi-Surface-Everyday-Cleaner-Peppermint-Scent-16-Ounce-Bottle_3ded9cdc-cbee-42d9-a0a2-28fdf6125bdf.1f7df2a5a5e214d76f4a8f8d155918e6.jpeg,,N/A,https://www.walmart.com/ip/149313842,4.5,https://www.amazon.com/dp/B01M0A8DOM,https://www.amazon.com/s?k=Mrs.%20Meyer%E2%80%99s%20Clean%20Day%20Multi-Surface%20Everyday%20Cleaner%2C%20Peppermint%20Scent%2C%2016%20Ounce%20Bottle,https://www.ebay.com/sch/i.html?_nkw=Mrs.%20Meyer%E2%80%99s%20Clean%20Day%20Multi-Surface%20Everyday%20Cleaner%2C%20Peppermint%20Scent%2C%2016%20Ounce%20Bottle,https://www.google.com/search?q=Mrs.%20Meyer%E2%80%99s%20Clean%20Day%20Multi-Surface%20Everyday%20Cleaner%2C%20Peppermint%20Scent%2C%2016%20Ounce%20Bottle,https://seller.walmart.com/catalog/add-items?search=149313842,"Reviewers highlighted: smell, for counters",no,no,no,4,3,1,121,HUUMART LLC,wfs,$13.30,9,$12.49,$13.98,13.3,4.5,1.46,10.99 %,32.49 %,11.50,4.77,1,OOS,N/A,$7.34,$4.95,0,$2.00,15.00%,$0.04,1,$0.35,$0.30 /lb,$0.35,$0.00,$0.00,$0.00,$0.00,0,$0.00,4.7,79,N/A,"2.75, 3.35, 9.70 in, 1.18 lbs",2.75,3.35,9.70,1.18,N/A,Computer
"06/20/2025, 11:43 PM PDT","06/21/2025, 02:43 AM EDT","06/21/2025, 01:43 AM CDT","06/20/2025, 11:43 PM PDT","Mrs. Meyer’s Clean Day Multi-Surface Everyday Cleaner, Rosemary Scent, 16 Ounce Bottle",40328480,808124178410,N/A,N/A,Mrs. Meyer's,Kitchen,Household Cleaners,SCJohnson,N/A,663151,https://i5.walmartimages.com/seo/Mrs-Meyer-s-Clean-Day-Multi-Surface-Everyday-Cleaner-Rosemary-Scent-16-Ounce-Bottle_900c4e5d-0d52-403c-9cc7-10c4f1c2aa47.44b9e4d5f996896ce2e9d25f4510638b.jpeg,,N/A,https://www.walmart.com/ip/40328480,4.55,https://www.amazon.com/dp/B0167JW76C,https://www.amazon.com/s?k=Mrs.%20Meyer%E2%80%99s%20Clean%20Day%20Multi-Surface%20Everyday%20Cleaner%2C%20Rosemary%20Scent%2C%2016%20Ounce%20Bottle,https://www.ebay.com/sch/i.html?_nkw=Mrs.%20Meyer%E2%80%99s%20Clean%20Day%20Multi-Surface%20Everyday%20Cleaner%2C%20Rosemary%20Scent%2C%2016%20Ounce%20Bottle,https://www.google.com/search?q=Mrs.%20Meyer%E2%80%99s%20Clean%20Day%20Multi-Surface%20Everyday%20Cleaner%2C%20Rosemary%20Scent%2C%2016%20Ounce%20Bottle,https://seller.walmart.com/catalog/add-items?search=40328480,N/A,no,no,no,5,2,3,401,Kwik Retail,wfs,$12.99,3,$12.99,$20.98,12.99,4.55,1.15,8.84 %,25.25 %,11.55,4.56,1,$36.78,N/A,$7.29,$4.95,0,$1.95,15.00%,$0.04,1,$0.35,$0.30 /lb,$0.35,$0.00,$0.00,$0.00,$0.00,0,$0.00,4.6,42,N/A,"2.75, 3.35, 9.70 in, 1.18 lbs",2.75,3.35,9.70,1.18,N/A,Computer
"06/20/2025, 11:46 PM PDT","06/21/2025, 02:46 AM EDT","06/21/2025, 01:46 AM CDT","06/20/2025, 11:46 PM PDT",Johnson SC & Sons 1023947 8 oz Daisy Scent Room Air Freshener,934143837,808124115118,1,5,S.C. Johnson & Son,Kitchen,Air Fresheners,N/A,1023947,1023947,https://i5.walmartimages.com/seo/Johnson-SC-Sons-1023947-8-oz-Daisy-Scent-Room-Air-Freshener_4469cc16-5e82-45c5-9e89-3255b5050be7.ba798f0f5f2d795ad33f70f9b4c0f07b.jpeg,,N/A,https://www.walmart.com/ip/934143837,5.27,https://www.amazon.com/dp/B09HTFWQCF,https://www.amazon.com/s?k=Johnson%20SC%20%26%20Sons%201023947%208%20oz%20Daisy%20Scent%20Room%20Air%20Freshener,https://www.ebay.com/sch/i.html?_nkw=Johnson%20SC%20%26%20Sons%201023947%208%20oz%20Daisy%20Scent%20Room%20Air%20Freshener,https://www.google.com/search?q=Johnson%20SC%20%26%20Sons%201023947%208%20oz%20Daisy%20Scent%20Room%20Air%20Freshener,https://seller.walmart.com/catalog/add-items?search=934143837,N/A,no,no,no,3,1,2,1057,Vend LiaDia Inc,wfs,$11.58,26,$11.57,$12.99,11.58,5.27,0.92,7.97 %,17.52 %,10.40,4.95,1,$12.68,100+ units sold this month on Amazon,$5.39,$3.45,0,$1.74,15.00%,$0.02,1,$0.18,$0.30 /lb,$0.18,$0.00,$0.00,$0.00,$0.00,0,$0.00,4.6,50,"The listing has 5 variations,Pulling package information from B09HTFWQCF via amazon.com,3 or less sellers","7.48, 2.99, 2.01 in, 0.60 lbs",7.48,2.99,2.01,0.60,N/A,Computer
"06/20/2025, 11:48 PM PDT","06/21/2025, 02:48 AM EDT","06/21/2025, 01:48 AM CDT","06/20/2025, 11:48 PM PDT","Mrs. Meyer's Clean Day Room Freshener, Basil Scent, 8 Ounce Non-Aerosol Spray Bottle",473833332,808124703476,Multicolor,1,Mrs. Meyer's,Kitchen,Air Fresheners,N/A,692720,692720,https://i5.walmartimages.com/seo/Mrs-Meyer-s-Clean-Day-Room-Freshener-Basil-Scent-8-Ounce-Non-Aerosol-Spray-Bottle_8e1c8c6e-a863-47b0-9e8f-29efe0fb46a5.d7c02efe404d39f022c7cd28e7a0eab1.jpeg,,N/A,https://www.walmart.com/ip/473833332,5.27,https://www.amazon.com/dp/B073LK7PGQ,https://www.amazon.com/s?k=Mrs.%20Meyer's%20Clean%20Day%20Room%20Freshener%2C%20Basil%20Scent%2C%208%20Ounce%20Non-Aerosol%20Spray%20Bottle,https://www.ebay.com/sch/i.html?_nkw=Mrs.%20Meyer's%20Clean%20Day%20Room%20Freshener%2C%20Basil%20Scent%2C%208%20Ounce%20Non-Aerosol%20Spray%20Bottle,https://www.google.com/search?q=Mrs.%20Meyer's%20Clean%20Day%20Room%20Freshener%2C%20Basil%20Scent%2C%208%20Ounce%20Non-Aerosol%20Spray%20Bottle,https://seller.walmart.com/catalog/add-items?search=473833332,N/A,no,no,no,5,0,5,294,GFAP LLC,mfn,$12.50,12,$12.49,$15.54,12.5,5.27,1.69,13.55 %,32.14 %,10.40,5.57,1,$12.22,500+ units sold this month on Amazon,$5.54,$3.45,0,$1.88,15.00%,$0.03,1,$0.18,$0.30 /lb,$0.18,$0.00,$0.00,$0.00,$0.00,0,$0.00,4.6,78,N/A,"3.00, 3.00, 8.00 in, 0.60 lbs",3.00,3.00,8.00,0.60,N/A,Computer
"06/20/2025, 11:51 PM PDT","06/21/2025, 02:51 AM EDT","06/21/2025, 01:51 AM CDT","06/20/2025, 11:51 PM PDT",Mrs. Meyers Clean Day - Room Freshener Lilac - 8 OZ,445904813,808124112124,1,3,Mrs. Meyer's,Kitchen,Air Fresheners,N/A,11212,11212,https://i5.walmartimages.com/seo/Mrs-Meyers-Clean-Day-Room-Freshener-Lilac-8-OZ_51a15ded-b025-4c66-afec-8c01ffed3a3d.2614d508d6c8f01e19d03c34bf83a1ba.jpeg,,N/A,https://www.walmart.com/ip/445904813,5.27,https://www.amazon.com/dp/B07MJC7FWG,https://www.amazon.com/s?k=Mrs.%20Meyers%20Clean%20Day%20-%20Room%20Freshener%20Lilac%20-%208%20OZ,https://www.ebay.com/sch/i.html?_nkw=Mrs.%20Meyers%20Clean%20Day%20-%20Room%20Freshener%20Lilac%20-%208%20OZ,https://www.google.com/search?q=Mrs.%20Meyers%20Clean%20Day%20-%20Room%20Freshener%20Lilac%20-%208%20OZ,https://seller.walmart.com/catalog/add-items?search=445904813,"Reviewers highlighted: appearance, spring",no,no,no,4,0,4,405,Supply the Home,mfn,$14.68,127,$14.68,$18.50,14.68,5.27,3.49,23.75 %,66.15 %,10.50,7.00,1,$14.99,50+ units sold this month on Amazon,$5.92,$3.45,0,$2.20,15.00%,$0.12,1,$0.15,$0.30 /lb,$0.15,$0.00,$0.00,$0.00,$0.00,0,$0.00,4.8,137,The listing has 3 variations,"7.00, 4.90, 8.20 in, 0.50 lbs",7.00,4.90,8.20,0.50,N/A,Computer
"06/20/2025, 11:53 PM PDT","06/21/2025, 02:53 AM EDT","06/21/2025, 01:53 AM CDT","06/20/2025, 11:53 PM PDT",Mrs. Meyer's Clean Day Orange Clove Scent Air Freshener 8 oz Liquid,857049787,808124113688,1,1,Mrs. Meyer's,Kitchen,Air Fresheners,N/A,11368,11368,https://i5.walmartimages.com/seo/Mrs-Meyer-s-Clean-Day-Orange-Clove-Scent-Air-Freshener-8-oz-Liquid_6014199e-eed1-4bba-ab7f-04fa1c97354f.823779d45f5d87506e5db86be3fecf5d.jpeg,,N/A,https://www.walmart.com/ip/857049787,5.97,https://www.amazon.com/dp/B07Y2LLF8L,https://www.amazon.com/s?k=Mrs.%20Meyer's%20Clean%20Day%20Orange%20Clove%20Scent%20Air%20Freshener%208%20oz%20Liquid,https://www.ebay.com/sch/i.html?_nkw=Mrs.%20Meyer's%20Clean%20Day%20Orange%20Clove%20Scent%20Air%20Freshener%208%20oz%20Liquid,https://www.google.com/search?q=Mrs.%20Meyer's%20Clean%20Day%20Orange%20Clove%20Scent%20Air%20Freshener%208%20oz%20Liquid,https://seller.walmart.com/catalog/add-items?search=857049787,N/A,no,no,no,0,0,0,0,N/A,N/A,0,,,Price,14.99,5.97,3.15,21.01 %,52.75 %,11.20,7.30,1,OOS,N/A,$5.87,$3.45,0,$2.25,15.00%,$0.02,1,$0.15,$0.30 /lb,$0.15,$0.00,$0.00,$0.00,$0.00,0,$0.00,4.2,47,"Pulling package information from B07Y2LLF8L via amazon.com,3 or less sellers","7.01, 2.99, 2.48 in, 0.50 lbs",7.01,2.99,2.48,0.50,N/A,Computer
"06/20/2025, 11:54 PM PDT","06/21/2025, 02:54 AM EDT","06/21/2025, 01:54 AM CDT","06/20/2025, 11:54 PM PDT",Mrs. Meyer's - Clean Day Room Freshener Non-Aerosol Spray Peppermint - 8 oz.,803060210,808124113695,1,3,Mrs. Meyer's,Kitchen,Air Fresheners,N/A,11369,11369,https://i5.walmartimages.com/seo/Mrs-Meyer-s-Clean-Day-Room-Freshener-Non-Aerosol-Spray-Peppermint-8-oz_ee3044cd-8e8f-44c1-b3e5-b6e5b6f4cfaa.4b8a7a477507f5f90fa722f05b2b4819.jpeg,,N/A,https://www.walmart.com/ip/803060210,5.97,https://www.amazon.com/dp/B07YP67XWH,https://www.amazon.com/s?k=Mrs.%20Meyer's%20-%20Clean%20Day%20Room%20Freshener%20Non-Aerosol%20Spray%20Peppermint%20-%208%20oz.,https://www.ebay.com/sch/i.html?_nkw=Mrs.%20Meyer's%20-%20Clean%20Day%20Room%20Freshener%20Non-Aerosol%20Spray%20Peppermint%20-%208%20oz.,https://www.google.com/search?q=Mrs.%20Meyer's%20-%20Clean%20Day%20Room%20Freshener%20Non-Aerosol%20Spray%20Peppermint%20-%208%20oz.,https://seller.walmart.com/catalog/add-items?search=803060210,N/A,no,no,no,4,0,4,2052,M.O.S. Hardware,mfn,$13.99,22,$13.99,$52.25,13.99,5.97,2.28,16.32 %,38.25 %,11.20,6.60,1,$13.31,50+ units sold this month on Amazon,$5.74,$3.45,0,$2.10,15.00%,$0.02,1,$0.17,$0.30 /lb,$0.17,$0.00,$0.00,$0.00,$0.00,0,$0.00,4.3,49,"The listing has 3 variations,Pulling package information from B07YP67XWH via amazon.com","7.32, 2.56, 2.09 in, 0.57 lbs",7.32,2.56,2.09,0.57,N/A,Computer
"06/20/2025, 11:56 PM PDT","06/21/2025, 02:56 AM EDT","06/21/2025, 01:56 AM CDT","06/20/2025, 11:56 PM PDT","Mrs. Meyer's Clean Day Room Freshener, Lemon Verbena Scent, 8 Ounce Non-Aerosol Spray Bottle",49315468,808124700635,N/A,N/A,Mrs. Meyer's,Kitchen,Air Fresheners,N/A,670764,670764,https://i5.walmartimages.com/seo/Mrs-Meyer-s-Clean-Day-Room-Freshener-Lemon-Verbena-Scent-8-Ounce-Non-Aerosol-Spray-Bottle_b4b7c5fe-3865-4514-abf1-7a4ed1a84ec1.ddc77e7bed3f50574daee1f5193aa926.jpeg,,N/A,https://www.walmart.com/ip/49315468,5.27,https://www.amazon.com/dp/B013RC8BEO,https://www.amazon.com/s?k=Mrs.%20Meyer's%20Clean%20Day%20Room%20Freshener%2C%20Lemon%20Verbena%20Scent%2C%208%20Ounce%20Non-Aerosol%20Spray%20Bottle,https://www.ebay.com/sch/i.html?_nkw=Mrs.%20Meyer's%20Clean%20Day%20Room%20Freshener%2C%20Lemon%20Verbena%20Scent%2C%208%20Ounce%20Non-Aerosol%20Spray%20Bottle,https://www.google.com/search?q=Mrs.%20Meyer's%20Clean%20Day%20Room%20Freshener%2C%20Lemon%20Verbena%20Scent%2C%208%20Ounce%20Non-Aerosol%20Spray%20Bottle,https://seller.walmart.com/catalog/add-items?search=49315468,N/A,yes,no,no,5,2,3,253,Kwik Retail,wfs,$10.81,4,$10.81,$14.87,10.81,5.27,0.27,2.48 %,5.09 %,10.40,4.43,1,$4.99,5k+ units sold this month on Amazon,$5.27,$3.45,0,$1.62,15.00%,$0.02,1,$0.18,$0.30 /lb,$0.18,$0.00,$0.00,$0.00,$0.00,0,$0.00,4.3,151,N/A,"2.20, 2.85, 7.45 in, 0.60 lbs",2.20,2.85,7.45,0.60,N/A,Computer
"06/20/2025, 11:58 PM PDT","06/21/2025, 02:58 AM EDT","06/21/2025, 01:58 AM CDT","06/20/2025, 11:58 PM PDT","Mrs. Meyer's Clean Day Room Freshener, Lavender Scent, 8 Ounce Non-Aerosol Spray Bottle",49315646,808124700628,N/A,N/A,Mrs. Meyer's,Kitchen,Air Fresheners,N/A,670763,670763,https://i5.walmartimages.com/seo/Mrs-Meyer-s-Clean-Day-Room-Freshener-Lavender-Scent-8-Ounce-Non-Aerosol-Spray-Bottle_df09256e-bb03-41c4-b983-f07d2d307884.e085f5ae81a36756a057a9f99b28c60d.jpeg,,N/A,https://www.walmart.com/ip/49315646,5.27,https://www.amazon.com/dp/B013REP17M,https://www.amazon.com/s?k=Mrs.%20Meyer's%20Clean%20Day%20Room%20Freshener%2C%20Lavender%20Scent%2C%208%20Ounce%20Non-Aerosol%20Spray%20Bottle,https://www.ebay.com/sch/i.html?_nkw=Mrs.%20Meyer's%20Clean%20Day%20Room%20Freshener%2C%20Lavender%20Scent%2C%208%20Ounce%20Non-Aerosol%20Spray%20Bottle,https://www.google.com/search?q=Mrs.%20Meyer's%20Clean%20Day%20Room%20Freshener%2C%20Lavender%20Scent%2C%208%20Ounce%20Non-Aerosol%20Spray%20Bottle,https://seller.walmart.com/catalog/add-items?search=49315646,N/A,no,no,no,6,2,4,1203,KWZ Retailers LLC,mfn,$9.90,8,$9.90,$13.01,12,5.27,1.28,10.66 %,24.28 %,10.40,5.24,1,$5.89,2k+ units sold this month on Amazon,$5.45,$3.45,0,$1.80,15.00%,$0.02,1,$0.18,$0.30 /lb,$0.18,$0.00,$0.00,$0.00,$0.00,0,$0.00,4.3,186,N/A,"2.20, 2.85, 7.45 in, 0.60 lbs",2.20,2.85,7.45,0.60,N/A,Computer
"06/21/2025, 12:15 AM PDT","06/21/2025, 03:15 AM EDT","06/21/2025, 02:15 AM CDT","06/21/2025, 12:15 AM PDT",Mrs. Meyer's Clean Day 2.9 Oz. Lilac Small Tin Soy Candle 322918,612409851,808124115132,N/A,N/A,Mrs. Meyer's,Kitchen,Candles,Mrs. Meyer's,322918,322918,https://i5.walmartimages.com/seo/Mrs-Meyer-s-Clean-Day-2-9-Oz-Lilac-Small-Tin-Soy-Candle-322918_6e8ae20d-a7ce-4f05-b6ca-b08c5635ccb4.e327e135337850a35e009ffde2c0b451.jpeg,,N/A,https://www.walmart.com/ip/612409851,5.57,https://www.amazon.com/dp/B08YSLRP17,https://www.amazon.com/s?k=Mrs.%20Meyer's%20Clean%20Day%202.9%20Oz.%20Lilac%20Small%20Tin%20Soy%20Candle%20322918,https://www.ebay.com/sch/i.html?_nkw=Mrs.%20Meyer's%20Clean%20Day%202.9%20Oz.%20Lilac%20Small%20Tin%20Soy%20Candle%20322918,https://www.google.com/search?q=Mrs.%20Meyer's%20Clean%20Day%202.9%20Oz.%20Lilac%20Small%20Tin%20Soy%20Candle%20322918,https://seller.walmart.com/catalog/add-items?search=612409851,N/A,no,no,no,1,0,1,20,First Choice Buying,mfn,$14.99,20,$14.99,$14.99,14.99,5.57,3.64,24.27 %,65.31 %,10.60,7.37,1,$11.47,50+ units sold this month on Amazon,$5.78,$3.45,0,$2.25,15.00%,$0.01,1,$0.08,$0.30 /lb,$0.08,$0.00,$0.00,$0.00,$0.00,0,$0.00,4.7,40,"Pulling package information from B08YSLRP17 via amazon.com,3 or less sellers","2.76, 2.68, 1.85 in, 0.26 lbs",2.76,2.68,1.85,0.26,N/A,Computer
"06/21/2025, 12:21 AM PDT","06/21/2025, 03:21 AM EDT","06/21/2025, 02:21 AM CDT","06/21/2025, 12:21 AM PDT","Mrs. Meyer’s Clean Day Multi-Surface Everyday Cleaner, Limited Edition Snowdrop Scent, 16 Ounce Bottle",531786729,808124113657,1,3,Mrs. Meyer's,Kitchen,All Purpose Cleaners,N/A,N/A,323594,https://i5.walmartimages.com/seo/Mrs-Meyer-s-Clean-Day-11365-Multi-Surface-Cleaner-Holiday-Seasonal-Snowdrop-16-oz-Quantity-1_32221f7d-acbe-4ea8-9108-c7d708fa7908.82e22fcb874344b8db66157db416169c.jpeg,,N/A,https://www.walmart.com/ip/531786729,5.09,https://www.amazon.com/dp/B07XRVMRZZ,https://www.amazon.com/s?k=Mrs.%20Meyer%E2%80%99s%20Clean%20Day%20Multi-Surface%20Everyday%20Cleaner%2C%20Limited%20Edition%20Snowdrop%20Scent%2C%2016%20Ounce%20Bottle,https://www.ebay.com/sch/i.html?_nkw=Mrs.%20Meyer%E2%80%99s%20Clean%20Day%20Multi-Surface%20Everyday%20Cleaner%2C%20Limited%20Edition%20Snowdrop%20Scent%2C%2016%20Ounce%20Bottle,https://www.google.com/search?q=Mrs.%20Meyer%E2%80%99s%20Clean%20Day%20Multi-Surface%20Everyday%20Cleaner%2C%20Limited%20Edition%20Snowdrop%20Scent%2C%2016%20Ounce%20Bottle,https://seller.walmart.com/catalog/add-items?search=531786729,N/A,no,no,no,1,0,1,2,First Choice Buying,mfn,$18.99,2,$18.99,$18.99,18.99,5.09,5.67,29.86 %,111.41 %,12.25,8.61,1,$12.99,100+ units sold this month on Amazon,$8.23,$4.95,0,$2.85,15.00%,$0.06,1,$0.37,$0.30 /lb,$0.37,$0.00,$0.00,$0.00,$0.00,0,$0.00,4.8,104,"The listing has 3 variations,Pulling package information from B07XRVMRZZ via amazon.com,3 or less sellers","11.18, 4.33, 2.95 in, 1.23 lbs",11.18,4.33,2.95,1.23,N/A,Computer
"06/21/2025, 12:25 AM PDT","06/21/2025, 03:25 AM EDT","06/21/2025, 02:25 AM CDT","06/21/2025, 12:25 AM PDT","Muddy Bites Cone Dark Chocolate Fillings, 2.33 oz",1626517789,860007487316,N/A,N/A,Muddy Bites,Grocery,Chocolate Covered Snacks,N/A,N/A,N/A,https://i5.walmartimages.com/seo/Muddy-Bites-Cone-Dark-Chocolate-Fillings-2-33-oz_3e7cafcb-3978-4bd1-abe2-8bed9e1e9575.d7f8f17b7ce7bffca6dc3400df3a14f5.jpeg,,N/A,https://www.walmart.com/ip/1626517789,3.18,https://www.amazon.com/dp/B0CHSHWLV8,https://www.amazon.com/s?k=Muddy%20Bites%20Cone%20Dark%20Chocolate%20Fillings%2C%202.33%20oz,https://www.ebay.com/sch/i.html?_nkw=Muddy%20Bites%20Cone%20Dark%20Chocolate%20Fillings%2C%202.33%20oz,https://www.google.com/search?q=Muddy%20Bites%20Cone%20Dark%20Chocolate%20Fillings%2C%202.33%20oz,https://seller.walmart.com/catalog/add-items?search=1626517789,N/A,no,no,no,1,1,0,22,World Beaters,wfs,$11.47,22,$11.47,$11.47,11.47,3.18,3.85,33.58 %,121.11 %,8.30,5.63,1,$14.99,N/A,$4.44,$3.45,0,$0.92,8.00%,$0.02,1,$0.05,$0.30 /lb,$0.05,$0.00,$0.00,$0.00,$0.00,0,$0.00,4.6,1705,"Pulling package information from B0CHSHWLV8 via amazon.com,3 or less sellers","7.24, 5.39, 1.18 in, 0.17 lbs",7.24,5.39,1.18,0.17,N/A,Computer
"06/21/2025, 03:03 AM PDT","06/21/2025, 06:03 AM EDT","06/21/2025, 05:03 AM CDT","06/21/2025, 03:03 AM PDT",Nando's Medium Peri-Peri Sauce 9.2 oz,736549135,655273001249,N/A,N/A,Nando's,Grocery,Hot Sauces,N/A,N/A,999003882,https://i5.walmartimages.com/seo/Nando-s-Medium-Peri-Peri-Sauce-9-2-oz_e3b3be4c-0205-47e5-953e-b49757c5f465.e18cd28a77465a5a13d50ab7edb88bcb.jpeg,,N/A,https://www.walmart.com/ip/736549135,3.59,https://www.amazon.com/dp/B01K1PB18S,https://www.amazon.com/s?k=Nando's%20Medium%20Peri-Peri%20Sauce%209.2%20oz,https://www.ebay.com/sch/i.html?_nkw=Nando's%20Medium%20Peri-Peri%20Sauce%209.2%20oz,https://www.google.com/search?q=Nando's%20Medium%20Peri-Peri%20Sauce%209.2%20oz,https://seller.walmart.com/catalog/add-items?search=736549135,N/A,no,no,no,1,0,1,6,iHerb,mfn,$9.87,6,$9.87,$9.87,9.87,3.59,0.85,8.64 %,23.76 %,8.85,3.55,1,OOS,200+ units sold this month on Amazon,$5.43,$3.45,0,$0.79,8.00%,$0.02,1,$1.17,$0.30 /lb,$0.17,$0.00,$0.00,$0.00,$0.00,0,$0.00,4.7,106,3 or less sellers,"2.20, 2.20, 7.88 in, 0.57 lbs",2.20,2.20,7.88,0.57,N/A,Computer
"06/21/2025, 03:07 AM PDT","06/21/2025, 06:07 AM EDT","06/21/2025, 05:07 AM CDT","06/21/2025, 03:07 AM PDT",Nando's Hot Perinaise Spread & Dressing 8.6 fl oz,269871028,655273005155,Single,4,Nando's,Grocery,Mayonnaise,N/A,B-61262-6PK,N/A,https://i5.walmartimages.com/seo/Nando-s-Hot-Perinaise-Spread-Dressing-8-6-fl-oz_a8e1eb5f-6bac-4d2f-b734-c36aa777b83f.e15465b6f60777a20a48b4d3965f3f98.jpeg,,N/A,https://www.walmart.com/ip/269871028,3.59,https://www.amazon.com/dp/B0817LGK24,https://www.amazon.com/s?k=Nando's%20Hot%20Perinaise%20Spread%20%26%20Dressing%208.6%20fl%20oz,https://www.ebay.com/sch/i.html?_nkw=Nando's%20Hot%20Perinaise%20Spread%20%26%20Dressing%208.6%20fl%20oz,https://www.google.com/search?q=Nando's%20Hot%20Perinaise%20Spread%20%26%20Dressing%208.6%20fl%20oz,https://seller.walmart.com/catalog/add-items?search=269871028,N/A,no,yes,no,5,1,4,43,Marny Store,wfs,$11.99,11,$11.65,$14.19,11.99,3.59,3.83,31.93 %,106.64 %,8.85,5.93,1,$4.79,N/A,$4.57,$3.45,0,$0.96,8.00%,$0.00,1,$0.16,$0.30 /lb,$0.16,$0.00,$0.00,$0.00,$0.00,0,$0.00,4.6,117,The listing has 4 variations,"1.00, 1.00, 1.00 in, 0.54 lbs",1.00,1.00,1.00,0.54,N/A,Computer
"06/21/2025, 03:09 AM PDT","06/21/2025, 06:09 AM EDT","06/21/2025, 05:09 AM CDT","06/21/2025, 03:09 AM PDT",Nando's Hot Peri-Peri Sauce 9.2 oz,966255614,655273001232,Single,4,Nando's,Grocery,Hot Sauces,N/A,N/A,999003893,https://i5.walmartimages.com/seo/Nando-s-Hot-Peri-Peri-Sauce-9-2-oz_be8ae654-8d6c-4d70-92ff-f46cab0b0e95.aed1e1b000c94b5534d5b74676fba162.jpeg,,N/A,https://www.walmart.com/ip/966255614,3.59,https://www.amazon.com/dp/B01K36EQN2,https://www.amazon.com/s?k=Nando's%20Hot%20Peri-Peri%20Sauce%209.2%20oz,https://www.ebay.com/sch/i.html?_nkw=Nando's%20Hot%20Peri-Peri%20Sauce%209.2%20oz,https://www.google.com/search?q=Nando's%20Hot%20Peri-Peri%20Sauce%209.2%20oz,https://seller.walmart.com/catalog/add-items?search=966255614,N/A,no,no,no,2,1,1,1049,Think Gourmet,wfs,$9.58,53,$9.58,$10.24,9.58,3.59,0.59,6.12 %,16.32 %,8.85,3.34,1,$7.82,200+ units sold this month on Amazon,$5.40,$3.45,0,$0.77,8.00%,$0.02,1,$1.17,$0.30 /lb,$0.17,$0.00,$0.00,$0.00,$0.00,0,$0.00,4.5,110,"The listing has 4 variations,3 or less sellers","2.20, 2.20, 7.88 in, 0.57 lbs",2.20,2.20,7.88,0.57,N/A,Computer
"06/21/2025, 04:51 AM PDT","06/21/2025, 07:51 AM EDT","06/21/2025, 06:51 AM CDT","06/21/2025, 04:51 AM PDT","Natracare Pads, Ultra Xtra, Long, Wng - 8 ct",175964719,782126003201,N/A,N/A,Natracare,Health & Personal Care,Sanitary Napkins,N/A,N/A,NAC00320,https://i5.walmartimages.com/seo/Natracare-Pads-Ultra-Xtra-Long-Wng-8-ct_6050fb68-73d6-4460-befd-3882c0e7f53f.e626ed7631843a88999b9dfb4e5fda90.jpeg,,N/A,https://www.walmart.com/ip/175964719,5.51,https://www.amazon.com/dp/B00O7R7RXU,https://www.amazon.com/s?k=Natracare%20Pads%2C%20Ultra%20Xtra%2C%20Long%2C%20Wng%20-%208%20ct,https://www.ebay.com/sch/i.html?_nkw=Natracare%20Pads%2C%20Ultra%20Xtra%2C%20Long%2C%20Wng%20-%208%20ct,https://www.google.com/search?q=Natracare%20Pads%2C%20Ultra%20Xtra%2C%20Long%2C%20Wng%20-%208%20ct,https://seller.walmart.com/catalog/add-items?search=175964719,N/A,yes,no,no,3,0,3,235,VitaminLife,mfn,$11.41,3,$11.41,$13.58,11.41,5.51,0.62,5.44 %,11.26 %,10.60,4.90,1,$23.40,N/A,$5.28,$3.45,0,$1.71,15.00%,$0.03,1,$0.09,$0.30 /lb,$0.09,$0.00,$0.00,$0.00,$0.00,0,$0.00,5,2,3 or less sellers,"3.90, 3.70, 4.45 in, 0.30 lbs",3.90,3.70,4.45,0.30,N/A,Computer
"06/21/2025, 04:58 AM PDT","06/21/2025, 07:58 AM EDT","06/21/2025, 06:58 AM CDT","06/21/2025, 04:58 AM PDT","NATURES BAKERY, BAR FIG WW APPLE CINNAMON, 2 oz, (Pack of 12)",38190116,47495112559,N/A,N/A,Nature's Bakery,Grocery,Snack Bars,N/A,N/A,00022446,https://i5.walmartimages.com/seo/NATURES-BAKERY-BAR-FIG-WW-APPLE-CINNAMON-2-oz-Pack-of-12_75e3c133-4435-4b57-8e2e-85a6c060996e.c897f91e028055bc905bcb799bdc2356.jpeg,,N/A,https://www.walmart.com/ip/38190116,12,https://www.amazon.com/dp/B009VWTL3U,https://www.amazon.com/s?k=NATURES%20BAKERY%2C%20BAR%20FIG%20WW%20APPLE%20CINNAMON%2C%202%20oz%2C%20(Pack%20of%2012),https://www.ebay.com/sch/i.html?_nkw=NATURES%20BAKERY%2C%20BAR%20FIG%20WW%20APPLE%20CINNAMON%2C%202%20oz%2C%20(Pack%20of%2012),https://www.google.com/search?q=NATURES%20BAKERY%2C%20BAR%20FIG%20WW%20APPLE%20CINNAMON%2C%202%20oz%2C%20(Pack%20of%2012),https://seller.walmart.com/catalog/add-items?search=38190116,N/A,no,no,no,3,1,2,18,vugool shop,wfs,$20.49,1,$20.45,$29.25,20.49,12,1.92,9.38 %,16.02 %,18.15,11.14,1,$7.78,N/A,$6.57,$3.45,0,$3.07,15.00%,$0.01,1,$0.04,$0.30 /lb,$0.04,$0.00,$0.00,$0.00,$0.00,0,$0.00,,0,"Pulling package information from B009VWTL3U via amazon.com,3 or less sellers","4.29, 2.64, 1.02 in, 0.13 lbs",4.29,2.64,1.02,0.13,N/A,Computer
"06/21/2025, 05:10 AM PDT","06/21/2025, 08:10 AM EDT","06/21/2025, 07:10 AM CDT","06/21/2025, 05:10 AM PDT","Near East Quinoa & Brown Rice, Roasted Red Pepper & Basil, 4.9 oz Box",22109524,72251020069,N/A,N/A,Near East,Grocery,Packaged Meals,N/A,N/A,2006,https://i5.walmartimages.com/seo/Near-East-Quinoa-Brown-Rice-Roasted-Red-Pepper-Basil-4-9-oz-Box_5060d370-f573-489e-83f2-3ca4c66e9463.1c2ae061ec6aa5c82bd727ee0e9170f8.jpeg,,N/A,https://www.walmart.com/ip/22109524,2.74,https://www.amazon.com/dp/B005GTUHW6,https://www.amazon.com/s?k=Near%20East%20Quinoa%20%26%20Brown%20Rice%2C%20Roasted%20Red%20Pepper%20%26%20Basil%2C%204.9%20oz%20Box,https://www.ebay.com/sch/i.html?_nkw=Near%20East%20Quinoa%20%26%20Brown%20Rice%2C%20Roasted%20Red%20Pepper%20%26%20Basil%2C%204.9%20oz%20Box,https://www.google.com/search?q=Near%20East%20Quinoa%20%26%20Brown%20Rice%2C%20Roasted%20Red%20Pepper%20%26%20Basil%2C%204.9%20oz%20Box,https://seller.walmart.com/catalog/add-items?search=22109524,N/A,yes,no,no,3,0,3,133,SANTARA,mfn,$8.98,62,$8.98,$10.56,8.98,2.74,0.95,10.61 %,34.77 %,7.85,2.95,1,OOS,N/A,$5.29,$3.45,0,$0.72,8.00%,$0.01,1,$1.10,$0.30 /lb,$0.10,$0.00,$0.00,$0.00,$0.00,0,$0.00,4.3,24,"For better accuracy, we’ve used dimensions from B005JEUVVU to provide more precise estimates,3 or less sellers","6.42, 3.82, 1.30 in, 0.35 lbs",6.42,3.82,1.30,0.35,N/A,Computer
"06/21/2025, 05:11 AM PDT","06/21/2025, 08:11 AM EDT","06/21/2025, 07:11 AM CDT","06/21/2025, 05:11 AM PDT","Near East Quinoa & Brown Rice Blend, Rosemary & Olive Oil, 4.9 oz Box",22109525,72251020076,N/A,N/A,Near East,Grocery,Packaged Meals,N/A,N/A,72251020076,https://i5.walmartimages.com/seo/Near-East-Quinoa-Brown-Rice-Blend-Rosemary-Olive-Oil-4-9-oz-Box_f6968137-8994-42a8-ad14-3c3b24493040.070b11520d7f004c12cafccb5dc6a87c.jpeg,,N/A,https://www.walmart.com/ip/22109525,2.74,https://www.amazon.com/dp/B00JPYRID4,https://www.amazon.com/s?k=Near%20East%20Quinoa%20%26%20Brown%20Rice%20Blend%2C%20Rosemary%20%26%20Olive%20Oil%2C%204.9%20oz%20Box,https://www.ebay.com/sch/i.html?_nkw=Near%20East%20Quinoa%20%26%20Brown%20Rice%20Blend%2C%20Rosemary%20%26%20Olive%20Oil%2C%204.9%20oz%20Box,https://www.google.com/search?q=Near%20East%20Quinoa%20%26%20Brown%20Rice%20Blend%2C%20Rosemary%20%26%20Olive%20Oil%2C%204.9%20oz%20Box,https://seller.walmart.com/catalog/add-items?search=22109525,N/A,no,no,no,2,0,2,52,Vitozon,mfn,$9.48,25,$9.48,$9.59,9.48,2.74,1.41,14.89 %,51.53 %,7.85,3.32,1,$16.87,N/A,$5.33,$3.45,0,$0.76,8.00%,$0.01,1,$1.11,$0.30 /lb,$0.11,$0.00,$0.00,$0.00,$0.00,0,$0.00,4.3,20,"Pulling package information from B00JPYRID4 via amazon.com,3 or less sellers","6.26, 3.74, 1.14 in, 0.36 lbs",6.26,3.74,1.14,0.36,N/A,Computer
"06/21/2025, 05:24 AM PDT","06/21/2025, 08:24 AM EDT","06/21/2025, 07:24 AM CDT","06/21/2025, 05:24 AM PDT","Necco Wafers Original Assorted Flavors Hard Candy, 2 oz Roll",801742737,30800900002,Single,2,Necco,Grocery,Hard Candy,N/A,N/A,90000,https://i5.walmartimages.com/seo/Necco-Wafers-Original-Assorted-Flavors-Hard-Candy-2-oz-Roll_77d9acab-100c-4541-b559-77e6c2e12c40.29ab502427f8cd7cd53ac68bde4d606e.jpeg,,N/A,https://www.walmart.com/ip/801742737,1.37,https://www.amazon.com/dp/B0DJPQ1GF6,https://www.amazon.com/s?k=Necco%20Wafers%20Original%20Assorted%20Flavors%20Hard%20Candy%2C%202%20oz%20Roll,https://www.ebay.com/sch/i.html?_nkw=Necco%20Wafers%20Original%20Assorted%20Flavors%20Hard%20Candy%2C%202%20oz%20Roll,https://www.google.com/search?q=Necco%20Wafers%20Original%20Assorted%20Flavors%20Hard%20Candy%2C%202%20oz%20Roll,https://seller.walmart.com/catalog/add-items?search=801742737,N/A,no,no,no,4,1,3,172,Kwik Retail,wfs,$7.67,27,$7.67,$15.05,7.67,1.37,1.19,15.58 %,87.22 %,6.30,2.05,1,$14.10,N/A,$5.11,$3.45,0,$0.61,8.00%,$0.00,1,$1.04,$0.30 /lb,$0.04,$0.00,$0.00,$0.00,$0.00,0,$0.00,4.5,15,"The listing has 2 variations,Pulling package information from B0DJPQ1GF6 via amazon.com","5.43, 1.06, 0.98 in, 0.13 lbs",5.43,1.06,0.98,0.13,N/A,Computer
"06/21/2025, 05:29 AM PDT","06/21/2025, 08:29 AM EDT","06/21/2025, 07:29 AM CDT","06/21/2025, 05:29 AM PDT","Nerds Rope Easter Candy, .92 oz, Pouch",974060505,79200051266,.92OZ,1,NERDS,Grocery,Fruit Flavored Candy,N/A,N/A,N/A,https://i5.walmartimages.com/seo/Nerds-Rope-Easter-Candy-92-oz-Pouch_f2c09261-a28b-4f07-93de-eebcb2e99f76.a5c550ad1113a5d89f99011517eab20b.jpeg,,N/A,https://www.walmart.com/ip/974060505,1.65,https://www.amazon.com/dp/B08HQLDNC9,https://www.amazon.com/s?k=Nerds%20Rope%20Easter%20Candy%2C%20.92%20oz%2C%20Pouch,https://www.ebay.com/sch/i.html?_nkw=Nerds%20Rope%20Easter%20Candy%2C%20.92%20oz%2C%20Pouch,https://www.google.com/search?q=Nerds%20Rope%20Easter%20Candy%2C%20.92%20oz%2C%20Pouch,https://seller.walmart.com/catalog/add-items?search=974060505,N/A,no,no,no,2,0,2,51,Rebel 21,mfn,$7.18,1,$6.95,$7.18,7.18,1.65,0.49,6.76 %,29.42 %,6.55,1.71,1,OOS,N/A,$5.04,$3.45,0,$0.57,8.00%,$0.01,1,$1.01,$0.30 /lb,$0.01,$0.00,$0.00,$0.00,$0.00,0,$0.00,4.2,54,"Pulling package information from B08HQLDNC9 via amazon.com,3 or less sellers","10.87, 2.01, 0.55 in, 0.05 lbs",10.87,2.01,0.55,0.05,N/A,Computer
"06/21/2025, 05:31 AM PDT","06/21/2025, 08:31 AM EDT","06/21/2025, 07:31 AM CDT","06/21/2025, 05:31 AM PDT","Nerds Big Chewy Candy, 6 oz",196432180,79200701277,N/A,N/A,NERDS,Grocery,Chewy Candy,N/A,N/A,9071435,https://i5.walmartimages.com/seo/Nerds-Big-Chewy-Candy-6-oz_43c349ce-cccb-433f-ae55-8656b4f0df4a.d6226798fdee99e6b0f0b8132d519ed0.jpeg,,N/A,https://www.walmart.com/ip/196432180,2.56,https://www.amazon.com/dp/B07CYCMTZW,https://www.amazon.com/s?k=Nerds%20Big%20Chewy%20Candy%2C%206%20oz,https://www.ebay.com/sch/i.html?_nkw=Nerds%20Big%20Chewy%20Candy%2C%206%20oz,https://www.google.com/search?q=Nerds%20Big%20Chewy%20Candy%2C%206%20oz,https://seller.walmart.com/catalog/add-items?search=196432180,N/A,no,no,no,3,1,2,245,Hominics Essentials,wfs,$9.14,32,$8.46,$11.06,9.14,2.56,1.27,13.94 %,49.75 %,7.65,3.07,1,$9.99,N/A,$5.31,$3.45,0,$0.73,8.00%,$0.01,1,$1.11,$0.30 /lb,$0.11,$0.00,$0.00,$0.00,$0.00,0,$0.00,4.5,147,"Pulling package information from B07CYCMTZW via amazon.com,3 or less sellers","7.09, 5.79, 0.79 in, 0.37 lbs",7.09,5.79,0.79,0.37,N/A,Computer
"06/23/2025, 12:22 AM PDT","06/23/2025, 03:22 AM EDT","06/23/2025, 02:22 AM CDT","06/23/2025, 12:22 AM PDT","Nerds Holiday Rope Candy Stocking Stuffer, 0.92 oz",642801570,41420047459,Single,2,NERDS,Grocery,Chewy Candy,N/A,N/A,6061423,https://i5.walmartimages.com/seo/Nerds-Holiday-Rope-Candy-Stocking-Stuffer-0-92-oz_dc5d55b7-a4fa-4902-85ba-ba7fd94cedbe.37830a2c94c09a62205336790ef875f0.jpeg,,N/A,https://www.walmart.com/ip/642801570,1.51,https://www.amazon.com/dp/B08P7RVMQ9,https://www.amazon.com/s?k=Nerds%20Holiday%20Rope%20Candy%20Stocking%20Stuffer%2C%200.92%20oz,https://www.ebay.com/sch/i.html?_nkw=Nerds%20Holiday%20Rope%20Candy%20Stocking%20Stuffer%2C%200.92%20oz,https://www.google.com/search?q=Nerds%20Holiday%20Rope%20Candy%20Stocking%20Stuffer%2C%200.92%20oz,https://seller.walmart.com/catalog/add-items?search=642801570,N/A,no,no,no,4,0,4,1025,WK LITTLEGEMS LLC,mfn,$7.25,995,$7.25,$8.97,7.25,1.51,0.65,8.97 %,43.07 %,6.45,1.73,1,OOS,N/A,$5.09,$3.45,0,$0.58,8.00%,$0.01,1,$1.05,$0.30 /lb,$0.05,$0.00,$0.00,$0.00,$0.00,0,$0.00,4.5,57,"The listing has 2 variations,Pulling package information from B08P7RVMQ9 via amazon.com","11.02, 2.52, 0.47 in, 0.18 lbs",11.02,2.52,0.47,0.18,N/A,Computer
"06/23/2025, 12:52 AM PDT","06/23/2025, 03:52 AM EDT","06/23/2025, 02:52 AM CDT","06/23/2025, 12:52 AM PDT","Nielsen-Massey Pure Vanilla Bean Paste, 4 oz",30979899,25638714044,N/A,N/A,Nielsen-Massey,Grocery,Baking Extracts,N/A,N/A,1644327,https://i5.walmartimages.com/seo/Nielsen-Massey-Pure-Vanilla-Bean-Paste-4-oz_27152ade-b693-4f1c-9512-9c7adb09084d.a916f0815e0faf9f5395e16b0faef73c.jpeg,,N/A,https://www.walmart.com/ip/30979899,19.3,https://www.amazon.com/dp/B07DXCP8QN,https://www.amazon.com/s?k=Nielsen-Massey%20Pure%20Vanilla%20Bean%20Paste%2C%204%20oz,https://www.ebay.com/sch/i.html?_nkw=Nielsen-Massey%20Pure%20Vanilla%20Bean%20Paste%2C%204%20oz,https://www.google.com/search?q=Nielsen-Massey%20Pure%20Vanilla%20Bean%20Paste%2C%204%20oz,https://seller.walmart.com/catalog/add-items?search=30979899,N/A,yes,no,no,1,0,1,6,Integrity Commerce,mfn,$27.99,6,$27.99,$27.99,27.99,19.3,0.84,3.00 %,4.36 %,26.90,16.11,1,OOS,N/A,$7.85,$3.45,0,$4.20,15.00%,$0.01,1,$0.19,$0.30 /lb,$0.19,$0.00,$0.00,$0.00,$0.00,0,$0.00,4.8,127,"For better accuracy, we’ve used dimensions from B006OD5ISG to provide more precise estimates,3 or less sellers","4.65, 3.07, 2.40 in, 0.62 lbs",4.65,3.07,2.40,0.62,N/A,Computer
"06/23/2025, 01:13 AM PDT","06/23/2025, 04:13 AM EDT","06/23/2025, 03:13 AM CDT","06/23/2025, 01:13 AM PDT","Noka Superfood Smoothie, Organic Blackberry Vanilla, 4.22 oz",328692594,851554006075,N/A,N/A,Noka,Grocery,Juices,NOKA,N/A,0851554006075,https://i5.walmartimages.com/seo/Noka-Superfood-Smoothie-Organic-Blackberry-Vanilla-4-22-oz_16e34b89-119d-403b-801f-02e5065b497e_1.8e76cf18a55ff1b70290c1b518a059f8.jpeg,,N/A,https://www.walmart.com/ip/328692594,2.05,https://www.amazon.com/dp/B07J113SKC,https://www.amazon.com/s?k=Noka%20Superfood%20Smoothie%2C%20Organic%20Blackberry%20Vanilla%2C%204.22%20oz,https://www.ebay.com/sch/i.html?_nkw=Noka%20Superfood%20Smoothie%2C%20Organic%20Blackberry%20Vanilla%2C%204.22%20oz,https://www.google.com/search?q=Noka%20Superfood%20Smoothie%2C%20Organic%20Blackberry%20Vanilla%2C%204.22%20oz,https://seller.walmart.com/catalog/add-items?search=328692594,N/A,no,yes,no,1,0,1,54,iHerb,mfn,$8.22,54,$8.22,$8.22,8.22,2.05,0.98,11.94 %,47.88 %,7.05,2.43,1,$2.88,N/A,$5.19,$3.45,0,$0.66,8.00%,$0.00,1,$1.08,$0.30 /lb,$0.08,$0.00,$0.00,$0.00,$0.00,0,$0.00,4.5,895,"Pulling package information from B07J113SKC via amazon.com,3 or less sellers","5.59, 2.01, 0.59 in, 0.26 lbs",5.59,2.01,0.59,0.26,N/A,Computer
"06/23/2025, 01:19 AM PDT","06/23/2025, 04:19 AM EDT","06/23/2025, 03:19 AM CDT","06/23/2025, 01:19 AM PDT","Noka Superfood Smoothie, Organic Strawberry Pineapple, 4.22 oz",114729184,851554006068,N/A,N/A,Noka,Grocery,Applesauce & Fruit Sauces,N/A,N/A,NF2308120,https://i5.walmartimages.com/seo/Noka-Superfood-Smoothie-Organic-Strawberry-Pineapple-4-22-oz_476df287-472e-44e3-9e9a-16446c8f6a39.7bc5bfb456e8b6061a716f49ed393b36.jpeg,,N/A,https://www.walmart.com/ip/114729184,2.04,https://www.amazon.com/dp/B07K2L8JQL,https://www.amazon.com/s?k=Noka%20Superfood%20Smoothie%2C%20Organic%20Strawberry%20Pineapple%2C%204.22%20oz,https://www.ebay.com/sch/i.html?_nkw=Noka%20Superfood%20Smoothie%2C%20Organic%20Strawberry%20Pineapple%2C%204.22%20oz,https://www.google.com/search?q=Noka%20Superfood%20Smoothie%2C%20Organic%20Strawberry%20Pineapple%2C%204.22%20oz,https://seller.walmart.com/catalog/add-items?search=114729184,N/A,no,yes,no,1,0,1,109,iHerb,mfn,$8.22,109,$8.22,$8.22,8.22,2.04,0.97,11.82 %,47.63 %,7.10,2.41,1,$2.88,N/A,$5.21,$3.45,0,$0.66,8.00%,$0.01,1,$1.09,$0.30 /lb,$0.09,$0.00,$0.00,$0.00,$0.00,0,$0.00,4.6,881,"Pulling package information from B07K2L8JQL via amazon.com,3 or less sellers","6.10, 2.72, 1.50 in, 0.30 lbs",6.10,2.72,1.50,0.30,N/A,Computer
"06/23/2025, 01:21 AM PDT","06/23/2025, 04:21 AM EDT","06/23/2025, 03:21 AM CDT","06/23/2025, 01:21 AM PDT","Nonni's, Cioccolati Biscotti, Dark Chocolate Almond Cookie, 6.8 oz (195g), 8 Count, Ready to Eat",10309684,718604146528,Single,2,Nonni's,Grocery,Cookies,N/A,N/A,MCLANE500233395,https://i5.walmartimages.com/seo/Nonni-s-Cioccolati-Biscotti-Dark-Chocolate-Almond-Cookie-6-8-oz-195g-8-Count-Ready-to-Eat_c7af1f76-4de0-48fc-a446-292bd9fa6c54.528df4138085a960038ec1f32b460188.jpeg,,N/A,https://www.walmart.com/ip/10309684,3.59,https://www.amazon.com/dp/B000600ERI,https://www.amazon.com/s?k=Nonni's%2C%20Cioccolati%20Biscotti%2C%20Dark%20Chocolate%20Almond%20Cookie%2C%206.8%20oz%20(195g)%2C%208%20Count%2C%20Ready%20to%20Eat,https://www.ebay.com/sch/i.html?_nkw=Nonni's%2C%20Cioccolati%20Biscotti%2C%20Dark%20Chocolate%20Almond%20Cookie%2C%206.8%20oz%20(195g)%2C%208%20Count%2C%20Ready%20to%20Eat,https://www.google.com/search?q=Nonni's%2C%20Cioccolati%20Biscotti%2C%20Dark%20Chocolate%20Almond%20Cookie%2C%206.8%20oz%20(195g)%2C%208%20Count%2C%20Ready%20to%20Eat,https://seller.walmart.com/catalog/add-items?search=10309684,N/A,no,yes,yes,9,3,5,1222,Aricomp,wfs,$10.00,25,$3.77,$25.20,10,3.59,1.96,19.61 %,54.61 %,8.85,4.44,1,$5.50,N/A,$4.45,$3.45,0,$0.80,8.00%,$0.04,1,$0.16,$0.30 /lb,$0.16,$0.00,$0.00,$0.00,$0.00,0,$0.00,4.5,545,"The listing has 2 variations,Pulling package information from B000600ERI via amazon.com,Walmart.com is on the listing","6.57, 6.10, 2.32 in, 0.53 lbs",6.57,6.10,2.32,0.53,N/A,Computer
"06/23/2025, 01:22 AM PDT","06/23/2025, 04:22 AM EDT","06/23/2025, 03:22 AM CDT","06/23/2025, 01:22 AM PDT",Nonni's Dark Chocolate Almond Biscotti Italian Cookies - Dark Chocolate Cookies - Biscotti Individually Wrapped Cookies - Italian Biscotti Cookies w/Bittersweet Chocolate & Almonds - Kosher - 6.88 oz,10309685,718604146542,N/A,N/A,Nonni's,Grocery,Cookies,N/A,N/A,7.18604E+11,https://i5.walmartimages.com/seo/Nonni-s-Dark-Chocolate-Almond-Biscotti-Italian-Cookies-Dark-Chocolate-Cookies-Biscotti-Individually-Wrapped-Cookies-Italian-Biscotti-Cookies-w-Bitter_0597bc0d-b4a7-47d4-a109-05dd6c9af195_1.cd9c2d41fc484977350794f2d33215f9.jpeg,,N/A,https://www.walmart.com/ip/10309685,3.59,https://www.amazon.com/dp/B0066CUPFQ,https://www.amazon.com/s?k=Nonni's%20Dark%20Chocolate%20Almond%20Biscotti%20Italian%20Cookies%20-%20Dark%20Chocolate%20Cookies%20-%20Biscotti%20Individually%20Wrapped%20Cookies%20-%20Italian%20Biscotti%20Cookies%20w%2FBittersweet%20Chocolate%20%26%20Almonds%20-%20Kosher%20-%206.88%20oz,https://www.ebay.com/sch/i.html?_nkw=Nonni's%20Dark%20Chocolate%20Almond%20Biscotti%20Italian%20Cookies%20-%20Dark%20Chocolate%20Cookies%20-%20Biscotti%20Individually%20Wrapped%20Cookies%20-%20Italian%20Biscotti%20Cookies%20w%2FBittersweet%20Chocolate%20%26%20Almonds%20-%20Kosher%20-%206.88%20oz,https://www.google.com/search?q=Nonni's%20Dark%20Chocolate%20Almond%20Biscotti%20Italian%20Cookies%20-%20Dark%20Chocolate%20Cookies%20-%20Biscotti%20Individually%20Wrapped%20Cookies%20-%20Italian%20Biscotti%20Cookies%20w%2FBittersweet%20Chocolate%20%26%20Almonds%20-%20Kosher%20-%206.88%20oz,https://seller.walmart.com/catalog/add-items?search=10309685,N/A,yes,yes,no,2,2,0,27,"Ahdioh, LLC",wfs,$10.00,5,$10.00,$10.00,10,3.59,1.96,19.61 %,54.61 %,8.85,4.44,1,$4.50,700+ units sold this month on Amazon,$4.45,$3.45,0,$0.80,8.00%,$0.04,1,$0.16,$0.30 /lb,$0.16,$0.00,$0.00,$0.00,$0.00,0,$0.00,4.4,16,"Pulling package information from B0066CUPFQ via amazon.com,3 or less sellers","6.57, 6.10, 2.32 in, 0.53 lbs",6.57,6.10,2.32,0.53,N/A,Computer
"06/23/2025, 01:23 AM PDT","06/23/2025, 04:23 AM EDT","06/23/2025, 03:23 AM CDT","06/23/2025, 01:23 AM PDT",NONNI'S ESPRESSO CHOCOLATE CHIP BISCOTTI 6.88OZ CARTON,201587555,718604978464,N/A,N/A,Nonni's,Grocery,Cookies,N/A,N/A,N/A,https://i5.walmartimages.com/seo/NONNI-S-ESPRESSO-CHOCOLATE-CHIP-BISCOTTI-6-88OZ-CARTON_4cf0b161-d338-42b9-a587-1a834314bd9d.942650eb3f0ee43c4b86be4d796a6446.jpeg,,N/A,https://www.walmart.com/ip/201587555,3.59,https://www.amazon.com/dp/B0BMSJYFBM,https://www.amazon.com/s?k=NONNI'S%20ESPRESSO%20CHOCOLATE%20CHIP%20BISCOTTI%206.88OZ%20CARTON,https://www.ebay.com/sch/i.html?_nkw=NONNI'S%20ESPRESSO%20CHOCOLATE%20CHIP%20BISCOTTI%206.88OZ%20CARTON,https://www.google.com/search?q=NONNI'S%20ESPRESSO%20CHOCOLATE%20CHIP%20BISCOTTI%206.88OZ%20CARTON,https://seller.walmart.com/catalog/add-items?search=201587555,N/A,no,no,no,4,1,3,176,Fletho,wfs,$10.00,151,$10.00,$14.95,10,3.59,1.96,19.60 %,54.59 %,8.85,4.44,1,$12.47,100+ units sold this month on Amazon,$4.45,$3.45,0,$0.80,8.00%,$0.04,1,$0.16,$0.30 /lb,$0.16,$0.00,$0.00,$0.00,$0.00,0,$0.00,4.5,21,Pulling package information from B0BMSJYFBM via amazon.com,"6.50, 6.10, 2.40 in, 0.53 lbs",6.50,6.10,2.40,0.53,N/A,Computer
"06/23/2025, 01:24 AM PDT","06/23/2025, 04:24 AM EDT","06/23/2025, 03:24 AM CDT","06/23/2025, 01:24 AM PDT","Nonni's, Limone Biscotti, Lemon Cookie Dipped in White Icing, 6.88 oz (195g), 8 Count, Ready to Eat",10309682,718604145484,Single,1,Nonni's,Grocery,Cookies,N/A,N/A,MCLANE500615583,https://i5.walmartimages.com/seo/Nonni-s-Limone-Biscotti-Lemon-Cookie-Dipped-in-White-Icing-6-88-oz-195g-8-Count-Ready-to-Eat_e2f99efb-e666-4be4-98c7-6fba06d58287.1807e3ea962aef13f96b110d7c3b8212.jpeg,,N/A,https://www.walmart.com/ip/10309682,3.59,https://www.amazon.com/dp/B006HSJEVA,https://www.amazon.com/s?k=Nonni's%2C%20Limone%20Biscotti%2C%20Lemon%20Cookie%20Dipped%20in%20White%20Icing%2C%206.88%20oz%20(195g)%2C%208%20Count%2C%20Ready%20to%20Eat,https://www.ebay.com/sch/i.html?_nkw=Nonni's%2C%20Limone%20Biscotti%2C%20Lemon%20Cookie%20Dipped%20in%20White%20Icing%2C%206.88%20oz%20(195g)%2C%208%20Count%2C%20Ready%20to%20Eat,https://www.google.com/search?q=Nonni's%2C%20Limone%20Biscotti%2C%20Lemon%20Cookie%20Dipped%20in%20White%20Icing%2C%206.88%20oz%20(195g)%2C%208%20Count%2C%20Ready%20to%20Eat,https://seller.walmart.com/catalog/add-items?search=10309682,N/A,no,yes,no,7,1,6,29,"Ahdioh, LLC",wfs,$10.49,4,$10.01,$13.95,10.49,3.59,2.41,23.02 %,67.26 %,8.85,4.80,1,$8.00,400+ units sold this month on Amazon,$4.49,$3.45,0,$0.84,8.00%,$0.04,1,$0.15,$0.30 /lb,$0.15,$0.00,$0.00,$0.00,$0.00,0,$0.00,4.4,96,Pulling package information from B006HSJEVA via amazon.com,"6.77, 6.46, 2.28 in, 0.51 lbs",6.77,6.46,2.28,0.51,N/A,Computer
"06/23/2025, 01:25 AM PDT","06/23/2025, 04:25 AM EDT","06/23/2025, 03:25 AM CDT","06/23/2025, 01:25 AM PDT","Nonni's Salted Caramel Biscotti, Milk Chocolate & Caramel Cookie, 6.72 oz., 8 Count, Ready to Eat",44883504,718604972141,Single,2,Nonni's,Grocery,Cookies,N/A,N/A,MCLANE500363333,https://i5.walmartimages.com/seo/Nonni-s-Salted-Caramel-Biscotti-Milk-Chocolate-Caramel-Cookie-6-72-oz-8-Count-Ready-to-Eat_f568669f-f965-489b-9256-3ebd57de17d4.93564a89b68ca2d9a638b1792f22a8aa.jpeg,,N/A,https://www.walmart.com/ip/44883504,3.59,https://www.amazon.com/dp/B00HZB9AJY,https://www.amazon.com/s?k=Nonni's%20Salted%20Caramel%20Biscotti%2C%20Milk%20Chocolate%20%26%20Caramel%20Cookie%2C%206.72%20oz.%2C%208%20Count%2C%20Ready%20to%20Eat,https://www.ebay.com/sch/i.html?_nkw=Nonni's%20Salted%20Caramel%20Biscotti%2C%20Milk%20Chocolate%20%26%20Caramel%20Cookie%2C%206.72%20oz.%2C%208%20Count%2C%20Ready%20to%20Eat,https://www.google.com/search?q=Nonni's%20Salted%20Caramel%20Biscotti%2C%20Milk%20Chocolate%20%26%20Caramel%20Cookie%2C%206.72%20oz.%2C%208%20Count%2C%20Ready%20to%20Eat,https://seller.walmart.com/catalog/add-items?search=44883504,N/A,no,yes,yes,16,7,8,230,Fletho,wfs,$10.00,43,$3.77,$13.95,10,3.59,1.99,19.89 %,55.40 %,8.85,4.46,1,$8.89,N/A,$4.42,$3.45,0,$0.80,8.00%,$0.04,1,$0.13,$0.30 /lb,$0.13,$0.00,$0.00,$0.00,$0.00,0,$0.00,4.4,151,"The listing has 2 variations,Pulling package information from B00HZB9AJY via amazon.com,User edited dimensions/weight,Walmart.com is on the listing","6.42, 6.06, 2.32 in, 0.44 lbs",6.42,6.06,2.32,0.44,N/A,Computer
"06/23/2025, 01:28 AM PDT","06/23/2025, 04:28 AM EDT","06/23/2025, 03:28 AM CDT","06/23/2025, 01:28 AM PDT","Nonni's, Limoncello Biscotti Bites, 4.8 oz. Bag, Approximately 18 Cookies per Pack",1683589160,718604978693,Single,2,Nonni's Bakery,Grocery,Cookies,N/A,N/A,N/A,https://i5.walmartimages.com/seo/Nonni-s-Limoncello-Biscotti-Bites-4-8-oz-Bag-Approximately-18-Cookies-per-Pack_7e5c34ef-fd4d-4ab9-b6a8-ba3adf181a57.50ec4fc3dbe3424526f762587a7b27a4.jpeg,,N/A,https://www.walmart.com/ip/1683589160,3.59,https://www.amazon.com/dp/B0D823W9SC,https://www.amazon.com/s?k=Nonni's%2C%20Limoncello%20Biscotti%20Bites%2C%204.8%20oz.%20Bag%2C%20Approximately%2018%20Cookies%20per%20Pack,https://www.ebay.com/sch/i.html?_nkw=Nonni's%2C%20Limoncello%20Biscotti%20Bites%2C%204.8%20oz.%20Bag%2C%20Approximately%2018%20Cookies%20per%20Pack,https://www.google.com/search?q=Nonni's%2C%20Limoncello%20Biscotti%20Bites%2C%204.8%20oz.%20Bag%2C%20Approximately%2018%20Cookies%20per%20Pack,https://seller.walmart.com/catalog/add-items?search=1683589160,N/A,no,no,no,6,0,6,75,Violet Store,mfn,$9.28,3,$9.20,$12.95,9.28,3.59,0.34,3.65 %,9.43 %,8.85,3.14,1,$9.99,N/A,$5.35,$3.45,0,$0.74,8.00%,$0.06,1,$1.10,$0.30 /lb,$0.10,$0.00,$0.00,$0.00,$0.00,0,$0.00,4.4,47,"The listing has 2 variations,Pulling package information from B0D823W9SC via amazon.com","7.99, 6.18, 2.95 in, 0.32 lbs",7.99,6.18,2.95,0.32,N/A,Computer
"06/23/2025, 01:30 AM PDT","06/23/2025, 04:30 AM EDT","06/23/2025, 03:30 AM CDT","06/23/2025, 01:30 AM PDT","Nonni's THINaddictives Cranberry Almond Thin Cookies, 18 Count - 6 Packs of 3 Cookies, 4.4 oz",23740912,718604972332,N/A,N/A,Nonni's,Grocery,Cookies,N/A,N/A,MCLANE500779306,https://i5.walmartimages.com/seo/Nonni-s-THINaddictives-Cranberry-Almond-Thin-Cookies-18-Count-6-Packs-of-3-Cookies-4-4-oz_da69d10c-c069-477d-8c2f-a53c91cfb658.41a94ec91d531d3274533368967340f9.jpeg,,N/A,https://www.walmart.com/ip/23740912,3.59,https://www.amazon.com/dp/B00I0LYUAC,https://www.amazon.com/s?k=Nonni's%20THINaddictives%20Cranberry%20Almond%20Thin%20Cookies%2C%2018%20Count%20-%206%20Packs%20of%203%20Cookies%2C%204.4%20oz,https://www.ebay.com/sch/i.html?_nkw=Nonni's%20THINaddictives%20Cranberry%20Almond%20Thin%20Cookies%2C%2018%20Count%20-%206%20Packs%20of%203%20Cookies%2C%204.4%20oz,https://www.google.com/search?q=Nonni's%20THINaddictives%20Cranberry%20Almond%20Thin%20Cookies%2C%2018%20Count%20-%206%20Packs%20of%203%20Cookies%2C%204.4%20oz,https://seller.walmart.com/catalog/add-items?search=23740912,N/A,no,no,no,10,4,6,196,VL Store,wfs,$9.98,23,$9.98,$14.75,9.98,3.59,0.98,9.84 %,27.35 %,8.85,3.66,1,$9.98,800+ units sold this month on Amazon,$5.41,$3.45,0,$0.80,8.00%,$0.04,1,$1.12,$0.30 /lb,$0.12,$0.00,$0.00,$0.00,$0.00,0,$0.00,3.9,107,Pulling package information from B00I0LYUAC via amazon.com,"7.36, 4.88, 2.56 in, 0.40 lbs",7.36,4.88,2.56,0.40,N/A,Computer
"06/23/2025, 03:23 AM PDT","06/23/2025, 06:23 AM EDT","06/23/2025, 05:23 AM CDT","06/23/2025, 03:23 AM PDT","NuTrail Nut Granola, Dark Chocolate, 8 oz (227 g)",3481900505,850047220028,N/A,N/A,NuTrail,Grocery,Granola,N/A,N/A,N/A,https://i5.walmartimages.com/seo/Nu-Trail-Cacao-Nut-Granola-8-oz_2835801b-92c0-418b-a9f7-6a69a6263aa7.7be2e6aaf57701d97e1f4753105a0c64.jpeg,,N/A,https://www.walmart.com/ip/3481900505,6.59,https://www.amazon.com/dp/B07SJHP816,https://www.amazon.com/s?k=NuTrail%20Nut%20Granola%2C%20Dark%20Chocolate%2C%208%20oz%20(227%20g),https://www.ebay.com/sch/i.html?_nkw=NuTrail%20Nut%20Granola%2C%20Dark%20Chocolate%2C%208%20oz%20(227%20g),https://www.google.com/search?q=NuTrail%20Nut%20Granola%2C%20Dark%20Chocolate%2C%208%20oz%20(227%20g),https://seller.walmart.com/catalog/add-items?search=3481900505,N/A,yes,yes,no,4,0,4,1032,Amazing Universe,mfn,$13.99,5,$13.99,$14.67,13.99,6.59,2.61,18.68 %,39.66 %,11.05,7.36,1,$14.35,900+ units sold this month on Amazon,$4.79,$3.45,0,$1.12,8.00%,$0.06,1,$0.16,$0.30 /lb,$0.16,$0.00,$0.00,$0.00,$0.00,0,$0.00,4.6,54,Pulling package information from B07SJHP816 via amazon.com,"8.35, 6.46, 2.48 in, 0.53 lbs",8.35,6.46,2.48,0.53,N/A,Computer
"06/23/2025, 03:49 AM PDT","06/23/2025, 06:49 AM EDT","06/23/2025, 05:49 AM CDT","06/23/2025, 03:49 AM PDT","OLD BAY Kosher Garlic & Herb Seasoning, 2.25 oz Can",941037447,70328010418,N/A,N/A,OLD BAY,Grocery,Mixed Spices & Seasonings,N/A,N/A,070328010418,https://i5.walmartimages.com/seo/OLD-BAY-Kosher-Garlic-Herb-Seasoning-2-25-oz-Can_33e8f683-2fec-45fe-92bb-746d29ddbbe8.1565a54b4241d4642da8c7f7cb28ce85.jpeg,,N/A,https://www.walmart.com/ip/941037447,3.06,https://www.amazon.com/dp/B00CMU2SQU,https://www.amazon.com/s?k=OLD%20BAY%20Kosher%20Garlic%20%26%20Herb%20Seasoning%2C%202.25%20oz%20Can,https://www.ebay.com/sch/i.html?_nkw=OLD%20BAY%20Kosher%20Garlic%20%26%20Herb%20Seasoning%2C%202.25%20oz%20Can,https://www.google.com/search?q=OLD%20BAY%20Kosher%20Garlic%20%26%20Herb%20Seasoning%2C%202.25%20oz%20Can,https://seller.walmart.com/catalog/add-items?search=941037447,N/A,no,no,no,4,2,2,149,SJK Enterprises LLC,wfs,$9.51,27,$9.46,$10.95,9.51,3.06,1.18,12.42 %,38.61 %,8.15,3.39,1,$6.41,200+ units sold this month on Amazon,$5.27,$3.45,0,$0.76,8.00%,$0.00,1,$1.05,$0.30 /lb,$0.05,$0.00,$0.00,$0.00,$0.00,0,$0.00,3.5,8,Pulling package information from B00CMU2SQU via amazon.com,"2.52, 2.28, 1.46 in, 0.18 lbs",2.52,2.28,1.46,0.18,N/A,Computer
"06/23/2025, 03:54 AM PDT","06/23/2025, 06:54 AM EDT","06/23/2025, 05:54 AM CDT","06/23/2025, 03:54 AM PDT","Old London Melba Snacks Sea Salt, 5.25 oz",10320853,70129290613,N/A,N/A,Old London,Grocery,Snack Crackers,B&G Foods,N/A,070129290613,https://i5.walmartimages.com/seo/Old-London-Melba-Snacks-Sea-Salt-5-25-oz_4e44f230-1cd5-4b61-8004-4399e32dcb81.b3440a24d1f22fc0840eac2c647a2e58.jpeg,,N/A,https://www.walmart.com/ip/10320853,2.58,https://www.amazon.com/dp/B07GFW5613,https://www.amazon.com/s?k=Old%20London%20Melba%20Snacks%20Sea%20Salt%2C%205.25%20oz,https://www.ebay.com/sch/i.html?_nkw=Old%20London%20Melba%20Snacks%20Sea%20Salt%2C%205.25%20oz,https://www.google.com/search?q=Old%20London%20Melba%20Snacks%20Sea%20Salt%2C%205.25%20oz,https://seller.walmart.com/catalog/add-items?search=10320853,N/A,no,no,no,1,0,1,52,SANTARA,mfn,$9.98,52,$9.98,$9.98,9.98,2.58,1.98,19.86 %,76.83 %,7.75,3.65,1,$6.80,200+ units sold this month on Amazon,$5.42,$3.45,0,$0.80,8.00%,$0.04,1,$1.13,$0.30 /lb,$0.13,$0.00,$0.00,$0.00,$0.00,0,$0.00,4,5,"Pulling package information from B07GFW5613 via amazon.com,3 or less sellers","8.19, 5.55, 2.20 in, 0.42 lbs",8.19,5.55,2.20,0.42,N/A,Computer
"06/23/2025, 04:09 AM PDT","06/23/2025, 07:09 AM EDT","06/23/2025, 06:09 AM CDT","06/23/2025, 04:09 AM PDT","Once Again Almond Nut Butter, 16 Ounce",31039619,44082034416,N/A,N/A,Once Again Nut Butter,Grocery,Nut Butters & Spreads,N/A,N/A,044082034416,https://i5.walmartimages.com/seo/Once-Again-Almond-Nut-Butter-16-Ounce_8270fbb6-05a6-43ef-9233-35d5eb324e3f_1.2a0b6c119f0c96c6be9d6013e7fe9115.jpeg,,N/A,https://www.walmart.com/ip/31039619,9.67,https://www.amazon.com/dp/B0054RV68E,https://www.amazon.com/s?k=Once%20Again%20Almond%20Nut%20Butter%2C%2016%20Ounce,https://www.ebay.com/sch/i.html?_nkw=Once%20Again%20Almond%20Nut%20Butter%2C%2016%20Ounce,https://www.google.com/search?q=Once%20Again%20Almond%20Nut%20Butter%2C%2016%20Ounce,https://seller.walmart.com/catalog/add-items?search=31039619,N/A,no,no,no,2,0,2,20,Maple Hills Market,mfn,$21.99,9,$21.99,$28.98,21.99,9.67,3.64,16.54 %,37.62 %,17.60,10.65,1,OOS,N/A,$8.68,$4.95,0,$3.30,15.00%,$0.01,1,$0.42,$0.30 /lb,$0.42,$0.00,$0.00,$0.00,$0.00,0,$0.00,4.8,70,"Pulling package information from B0054RV68E via amazon.com,3 or less sellers","5.00, 3.11, 2.01 in, 1.40 lbs",5.00,3.11,2.01,1.40,N/A,Computer
"06/23/2025, 04:17 AM PDT","06/23/2025, 07:17 AM EDT","06/23/2025, 06:17 AM CDT","06/23/2025, 04:17 AM PDT",Once Again Organic Creamy Lightly Sweetened Sunflower Seed Butter 16 oz,35159789,44082530314,16 oz,1,Once Again Nut Butter,Grocery,Nut Butters & Spreads,N/A,N/A,OSF530036,https://i5.walmartimages.com/seo/Once-Again-Organic-Creamy-Lightly-Sweetened-Sunflower-Seed-Butter-16-oz_9d858bfb-18c5-4fa8-a285-a1d258abf33a.a9fca761936bb0e224dac043a841d583.jpeg,,N/A,https://www.walmart.com/ip/35159789,5.61,https://www.amazon.com/dp/B0048KBGJM,https://www.amazon.com/s?k=Once%20Again%20Organic%20Creamy%20Lightly%20Sweetened%20Sunflower%20Seed%20Butter%2016%20oz,https://www.ebay.com/sch/i.html?_nkw=Once%20Again%20Organic%20Creamy%20Lightly%20Sweetened%20Sunflower%20Seed%20Butter%2016%20oz,https://www.google.com/search?q=Once%20Again%20Organic%20Creamy%20Lightly%20Sweetened%20Sunflower%20Seed%20Butter%2016%20oz,https://seller.walmart.com/catalog/add-items?search=35159789,N/A,no,no,no,1,1,0,60,Crown Trading USA,wfs,$16.99,60,$16.99,$16.99,16.99,5.61,3.38,19.91 %,60.31 %,11.95,7.19,1,$102.92,N/A,$8.00,$4.95,0,$2.55,15.00%,$0.02,1,$0.48,$0.30 /lb,$0.48,$0.00,$0.00,$0.00,$0.00,0,$0.00,4.4,31,"For better accuracy, we’ve used dimensions from B0785W23LK to provide more precise estimates,3 or less sellers","5.00, 3.15, 3.11 in, 1.59 lbs",5.00,3.15,3.11,1.59,N/A,Computer
"06/23/2025, 04:48 AM PDT","06/23/2025, 07:48 AM EDT","06/23/2025, 06:48 AM CDT","06/23/2025, 04:48 AM PDT",Orbit Gum Peppermint Sugar Free Chewing Gum - 30 Piece,474989707,22000283818,Single,2,Orbit,Grocery,Chewing Gum,N/A,N/A,10022000283853,https://i5.walmartimages.com/seo/Orbit-Gum-Peppermint-Sugar-Free-Chewing-Gum-Mega-Pack-30-Piece_ea0fd698-d119-4bf3-9974-ecaec2f4c083.52132351f761ef22cc21f59b8faf71c2.jpeg,,N/A,https://www.walmart.com/ip/474989707,3.47,https://www.amazon.com/dp/B08LRQTKQS,https://www.amazon.com/s?k=Orbit%20Gum%20Peppermint%20Sugar%20Free%20Chewing%20Gum%20-%2030%20Piece,https://www.ebay.com/sch/i.html?_nkw=Orbit%20Gum%20Peppermint%20Sugar%20Free%20Chewing%20Gum%20-%2030%20Piece,https://www.google.com/search?q=Orbit%20Gum%20Peppermint%20Sugar%20Free%20Chewing%20Gum%20-%2030%20Piece,https://seller.walmart.com/catalog/add-items?search=474989707,N/A,no,no,no,1,0,1,8,Rebel 21,mfn,$9.99,8,$9.99,$9.99,9.99,3.47,1.21,12.14 %,34.96 %,8.60,3.75,1,OOS,300+ units sold this month on Amazon,$5.31,$3.45,0,$0.80,8.00%,$0.00,1,$1.05,$0.30 /lb,$0.05,$0.00,$0.00,$0.00,$0.00,0,$0.00,4.3,,"The listing has 2 variations,Pulling package information from B08LRQTKQS via amazon.com,3 or less sellers","4.02, 2.76, 0.75 in, 0.18 lbs",4.02,2.76,0.75,0.18,N/A,Computer
"06/23/2025, 04:49 AM PDT","06/23/2025, 07:49 AM EDT","06/23/2025, 06:49 AM CDT","06/23/2025, 04:49 AM PDT",Orbit Gum Spearmint Sugar Free Chewing Gum - 30 Pieces,942543635,22000283863,Single,2,Orbit,Grocery,Chewing Gum,N/A,N/A,022000283863,https://i5.walmartimages.com/seo/Orbit-Gum-Spearmint-Sugar-Free-Chewing-Gum-30-Pieces_f5f17fcc-0615-446e-8051-6b2c4d38e352.ce6947a62ab3843c14977bb661fb7fa9.jpeg,,N/A,https://www.walmart.com/ip/942543635,3.47,https://www.amazon.com/dp/B08LRL1VCQ,https://www.amazon.com/s?k=Orbit%20Gum%20Spearmint%20Sugar%20Free%20Chewing%20Gum%20-%2030%20Pieces,https://www.ebay.com/sch/i.html?_nkw=Orbit%20Gum%20Spearmint%20Sugar%20Free%20Chewing%20Gum%20-%2030%20Pieces,https://www.google.com/search?q=Orbit%20Gum%20Spearmint%20Sugar%20Free%20Chewing%20Gum%20-%2030%20Pieces,https://seller.walmart.com/catalog/add-items?search=942543635,N/A,no,no,no,1,0,1,12,Rebel 21,mfn,$9.90,12,$9.90,$9.90,9.9,3.47,1.13,11.39 %,32.48 %,8.60,3.68,1,OOS,50+ units sold this month on Amazon,$5.30,$3.45,0,$0.79,8.00%,$0.00,1,$1.06,$0.30 /lb,$0.06,$0.00,$0.00,$0.00,$0.00,0,$0.00,4.3,,"The listing has 2 variations,3 or less sellers","0.75, 4.00, 2.90 in, 0.19 lbs",0.75,4.00,2.90,0.19,N/A,Computer
"06/23/2025, 04:51 AM PDT","06/23/2025, 07:51 AM EDT","06/23/2025, 06:51 AM CDT","06/23/2025, 04:51 AM PDT",Orbit Gum White Peppermint Sugar Free Chewing Gum - 40 Piece Bottle,124764244,22000019189,N/A,N/A,Orbit,Grocery,Chewing Gum,N/A,N/A,00022000019189,https://i5.walmartimages.com/seo/Orbit-Gum-White-Peppermint-Sugar-Free-Chewing-Gum-40-Piece-Bottle_c34a0e5b-e151-4745-bd8a-d1c392ec910a.ef68ca10c53bd9828b2b57b3c38f78cb.jpeg,,N/A,https://www.walmart.com/ip/124764244,3.9,https://www.amazon.com/dp/B071FFMGTX,https://www.amazon.com/s?k=Orbit%20Gum%20White%20Peppermint%20Sugar%20Free%20Chewing%20Gum%20-%2040%20Piece%20Bottle,https://www.ebay.com/sch/i.html?_nkw=Orbit%20Gum%20White%20Peppermint%20Sugar%20Free%20Chewing%20Gum%20-%2040%20Piece%20Bottle,https://www.google.com/search?q=Orbit%20Gum%20White%20Peppermint%20Sugar%20Free%20Chewing%20Gum%20-%2040%20Piece%20Bottle,https://seller.walmart.com/catalog/add-items?search=124764244,N/A,no,no,no,6,4,2,458,eBelrosa,wfs,$9.86,4,$9.86,$11.13,9.86,3.9,0.65,6.56 %,16.59 %,9.05,3.64,1,OOS,100+ units sold this month on Amazon,$5.31,$3.45,0,$0.79,8.00%,$0.01,1,$1.07,$0.30 /lb,$0.07,$0.00,$0.00,$0.00,$0.00,0,$0.00,4.3,,Pulling package information from B071FFMGTX via amazon.com,"3.35, 2.48, 2.28 in, 0.22 lbs",3.35,2.48,2.28,0.22,N/A,Computer
"06/24/2025, 12:05 AM PDT","06/24/2025, 03:05 AM EDT","06/24/2025, 02:05 AM CDT","06/24/2025, 12:05 AM PDT",Panda Licorice Raspberry Licorice 7 oz Pkg,26959963,75172079369,Original,3,Panda,Grocery,Licorice Candy,N/A,N/A,355008,https://i5.walmartimages.com/seo/Panda-Licorice-Raspberry-Licorice-7-oz-Pkg_2f36e7b5-a32d-49b8-941b-18b0035869d2.aca5cf8d1207ac507ea1f953c3c12d0a.jpeg,,N/A,https://www.walmart.com/ip/26959963,3.15,https://www.amazon.com/dp/B0081ZKEE8,https://www.amazon.com/s?k=Panda%20Licorice%20Raspberry%20Licorice%207%20oz%20Pkg,https://www.ebay.com/sch/i.html?_nkw=Panda%20Licorice%20Raspberry%20Licorice%207%20oz%20Pkg,https://www.google.com/search?q=Panda%20Licorice%20Raspberry%20Licorice%207%20oz%20Pkg,https://seller.walmart.com/catalog/add-items?search=26959963,N/A,no,no,no,6,3,3,44,Gourmet on the way LLC,wfs,$8.65,6,$8.65,$10.26,8.65,3.15,0.2,2.28 %,6.26 %,8.35,2.68,1,OOS,N/A,$5.30,$3.45,0,$0.69,8.00%,$0.03,1,$1.13,$0.30 /lb,$0.13,$0.00,$0.00,$0.00,$0.00,0,$0.00,,294,"undefined,undefined","7.24, 6.14, 1.50 in, 0.44 lbs",7.24,6.14,1.50,0.44,N/A,Computer
"06/24/2025, 12:08 AM PDT","06/24/2025, 03:08 AM EDT","06/24/2025, 02:08 AM CDT","06/24/2025, 12:08 AM PDT",Panda All Natural Strawberry Licorice,671025743,75172076597,Strawberry Chews,3,Panda,Grocery,Licorice Candy,N/A,N/A,238968,https://i5.walmartimages.com/seo/Panda-All-Natural-Strawberry-Licorice_1d0abe65-2c6b-4198-ad68-fff8f202c228.284c7a40785273ae014eb5f69a29ff58.jpeg,,N/A,https://www.walmart.com/ip/671025743,3.15,https://www.amazon.com/dp/B087D97HHR,https://www.amazon.com/s?k=Panda%20All%20Natural%20Strawberry%20Licorice,https://www.ebay.com/sch/i.html?_nkw=Panda%20All%20Natural%20Strawberry%20Licorice,https://www.google.com/search?q=Panda%20All%20Natural%20Strawberry%20Licorice,https://seller.walmart.com/catalog/add-items?search=671025743,N/A,no,no,no,2,0,2,16,VitaminLife,mfn,$10.24,8,$10.24,$10.25,10.24,3.15,2.67,26.06 %,84.71 %,8.35,4.65,1,$6.48,N/A,$4.42,$3.45,0,$0.82,8.00%,$0.03,1,$0.13,$0.30 /lb,$0.13,$0.00,$0.00,$0.00,$0.00,0,$0.00,,294,"undefined,undefined,undefined","7.09, 6.02, 1.42 in, 0.42 lbs",7.09,6.02,1.42,0.42,N/A,Computer
"06/24/2025, 12:12 AM PDT","06/24/2025, 03:12 AM EDT","06/24/2025, 02:12 AM CDT","06/24/2025, 12:12 AM PDT",ParmCrisps Keto Friendly Snack Mix 6.0oz (170g) Flavor: Original,389228578,840093500113,Original,3,ParmCrisps,Grocery,Trail Mixes,N/A,N/A,N/A,https://i5.walmartimages.com/seo/ParmCrisps-Keto-Friendly-Snack-Mix-6-0oz-170g-Flavor-Original_7288930b-9e22-4360-ac75-ef719ce43ac6.5627bf178e2591e6f1a82a2b382a8f6a.jpeg,,N/A,https://www.walmart.com/ip/389228578,6.66,https://www.amazon.com/dp/B08HJKM3Y4,https://www.amazon.com/s?k=ParmCrisps%20Keto%20Friendly%20Snack%20Mix%206.0oz%20(170g)%20Flavor%3A%20Original,https://www.ebay.com/sch/i.html?_nkw=ParmCrisps%20Keto%20Friendly%20Snack%20Mix%206.0oz%20(170g)%20Flavor%3A%20Original,https://www.google.com/search?q=ParmCrisps%20Keto%20Friendly%20Snack%20Mix%206.0oz%20(170g)%20Flavor%3A%20Original,https://seller.walmart.com/catalog/add-items?search=389228578,N/A,no,no,no,2,0,2,6,Variable Services,mfn,$16.50,1,$16.50,$16.99,16.5,6.66,3.77,22.83 %,56.57 %,11.05,8.34,1,OOS,N/A,$6.07,$3.45,0,$2.48,15.00%,$0.03,1,$0.12,$0.30 /lb,$0.12,$0.00,$0.00,$0.00,$0.00,0,$0.00,,24,"undefined,undefined,undefined","9.33, 5.75, 1.18 in, 0.40 lbs",9.33,5.75,1.18,0.40,N/A,Computer
"06/24/2025, 12:13 AM PDT","06/24/2025, 03:13 AM EDT","06/24/2025, 02:13 AM CDT","06/24/2025, 12:13 AM PDT",ParmCrisps Keto Friendly Snack Mix 6.0oz (170g) Flavor: Smoky Barbecue,332283622,840093500120,Unflavored,3,ParmCrisps,Grocery,Trail Mixes,N/A,N/A,0840093500120,https://i5.walmartimages.com/seo/ParmCrisps-Keto-Friendly-Snack-Mix-6-0oz-170g-Flavor-Smoky-Barbecue_f326fda3-ac4e-47ea-b918-6eadae43e4c1.0ade0d0b5c255c100bc7168b29605e77.jpeg,,N/A,https://www.walmart.com/ip/332283622,6.66,https://www.amazon.com/dp/B08HJNKVRX,https://www.amazon.com/s?k=ParmCrisps%20Keto%20Friendly%20Snack%20Mix%206.0oz%20(170g)%20Flavor%3A%20Smoky%20Barbecue,https://www.ebay.com/sch/i.html?_nkw=ParmCrisps%20Keto%20Friendly%20Snack%20Mix%206.0oz%20(170g)%20Flavor%3A%20Smoky%20Barbecue,https://www.google.com/search?q=ParmCrisps%20Keto%20Friendly%20Snack%20Mix%206.0oz%20(170g)%20Flavor%3A%20Smoky%20Barbecue,https://seller.walmart.com/catalog/add-items?search=332283622,N/A,no,no,no,0,0,0,0,N/A,N/A,0,,,Price,14.03,6.66,2.6,18.56 %,39.10 %,11.10,7.41,1,$12.99,N/A,$4.77,$3.45,0,$1.12,8.00%,$0.07,1,$0.12,$0.30 /lb,$0.12,$0.00,$0.00,$0.00,$0.00,0,$0.00,,24,"undefined,undefined,undefined","7.80, 7.13, 2.91 in, 0.41 lbs",7.80,7.13,2.91,0.41,N/A,Computer
"06/24/2025, 01:16 AM PDT","06/24/2025, 04:16 AM EDT","06/24/2025, 03:16 AM CDT","06/24/2025, 01:16 AM PDT","Goldenberg's, Original Dark Peanuts Chews, 4.5 Lb",550493691,70970910166,N/A,N/A,GOLDENBERG’S PEANUT CHEWS,Grocery,Chocolate Candy,N/A,N/A,N/A,https://i5.walmartimages.com/seo/Goldenberg-s-Original-Dark-Peanuts-Chews-4-5-Lb_c179edd3-84a5-4515-bc1e-31460e778b08.ac2956dc1bdd820857e8795b36a1b8ff.jpeg,,N/A,https://www.walmart.com/ip/550493691,5,https://www.amazon.com/dp/B0068L1W48,https://www.amazon.com/s?k=Goldenberg's%2C%20Original%20Dark%20Peanuts%20Chews%2C%204.5%20Lb,https://www.ebay.com/sch/i.html?_nkw=Goldenberg's%2C%20Original%20Dark%20Peanuts%20Chews%2C%204.5%20Lb,https://www.google.com/search?q=Goldenberg's%2C%20Original%20Dark%20Peanuts%20Chews%2C%204.5%20Lb,https://seller.walmart.com/catalog/add-items?search=550493691,N/A,no,no,no,4,0,4,10001157,Online Special,mfn,$25.45,31,$25.45,$31.95,25.45,5,8.42,33.07 %,168.33 %,14.30,10.73,1,$25.20,N/A,$12.03,$6.55,0,$3.82,15.00%,$0.20,1,$1.47,$0.30 /lb,$1.47,$0.00,$0.00,$0.00,$0.00,0,$0.00,,29,undefined,"15.71, 9.88, 2.91 in, 4.90 lbs",15.71,9.88,2.91,4.90,N/A,Computer
"06/24/2025, 01:37 AM PDT","06/24/2025, 04:37 AM EDT","06/24/2025, 03:37 AM CDT","06/24/2025, 01:37 AM PDT","PEEPS, Dr Pepper Flavored Marshmallow Chicks, Easter Candy, 10ct (3.0oz)",249463170,70970549960,N/A,N/A,PEEPS®,Grocery,Marshmallows,N/A,N/A,N/A,https://i5.walmartimages.com/seo/PEEPS-Dr-Pepper-Flavored-Marshmallow-Chicks-10-Count-3-0-Ounces_2055d6cf-3ee2-4b95-b146-0522a30f188f.e342efcff14a90f1a50700a579aba938.jpeg,,N/A,https://www.walmart.com/ip/249463170,2.03,N/A,https://www.amazon.com/s?k=PEEPS%2C%20Dr%20Pepper%20Flavored%20Marshmallow%20Chicks%2C%20Easter%20Candy%2C%2010ct%20(3.0oz),https://www.ebay.com/sch/i.html?_nkw=PEEPS%2C%20Dr%20Pepper%20Flavored%20Marshmallow%20Chicks%2C%20Easter%20Candy%2C%2010ct%20(3.0oz),https://www.google.com/search?q=PEEPS%2C%20Dr%20Pepper%20Flavored%20Marshmallow%20Chicks%2C%20Easter%20Candy%2C%2010ct%20(3.0oz),https://seller.walmart.com/catalog/add-items?search=249463170,N/A,no,no,no,1,0,1,4,onestopdeals4you2,mfn,$12.25,4,$12.25,$12.25,12.25,2.03,5.69,46.46 %,280.36 %,7.05,6.18,1,NA,N/A,$4.53,$3.45,0,$0.98,8.00%,$0.03,1,$0.07,$0.30 /lb,$0.07,$0.00,$0.00,$0.00,$0.00,0,$0.00,,67,"undefined,undefined","6.81, 5.35, 1.69 in, 0.24 lbs",6.81,5.35,1.69,0.24,N/A,Computer
"06/24/2025, 01:40 AM PDT","06/24/2025, 04:40 AM EDT","06/24/2025, 03:40 AM CDT","06/24/2025, 01:40 AM PDT","PEEPS, Cotton Candy Flavored Marshmallow Chicks, 10 Count. (3.0 Ounces.)",179649516,70970545160,0.3 oz,1,PEEPS®,Grocery,Marshmallows,N/A,N/A,70970,https://i5.walmartimages.com/seo/PEEPS-Cotton-Candy-Flavored-Marshmallow-Chicks-10-Count-3-0-Ounces_9efb381f-9bf4-45d8-b935-2031ad39b074.5ec94e687bdbf93dd1156f040282fef4.jpeg,,N/A,https://www.walmart.com/ip/179649516,2.03,https://www.amazon.com/dp/B07198LDRV,https://www.amazon.com/s?k=PEEPS%2C%20Cotton%20Candy%20Flavored%20Marshmallow%20Chicks%2C%2010%20Count.%20(3.0%20Ounces.),https://www.ebay.com/sch/i.html?_nkw=PEEPS%2C%20Cotton%20Candy%20Flavored%20Marshmallow%20Chicks%2C%2010%20Count.%20(3.0%20Ounces.),https://www.google.com/search?q=PEEPS%2C%20Cotton%20Candy%20Flavored%20Marshmallow%20Chicks%2C%2010%20Count.%20(3.0%20Ounces.),https://seller.walmart.com/catalog/add-items?search=179649516,N/A,no,no,no,4,0,4,85,EMME US LLC,mfn,$8.86,28,$7.68,$11.98,8.86,2.03,1.57,17.76 %,77.50 %,7.05,2.88,1,$2.90,N/A,$5.26,$3.45,0,$0.71,8.00%,$0.03,1,$1.07,$0.30 /lb,$0.07,$0.00,$0.00,$0.00,$0.00,0,$0.00,,108,undefined,"6.77, 5.35, 1.65 in, 0.24 lbs",6.77,5.35,1.65,0.24,N/A,Computer
"06/24/2025, 01:42 AM PDT","06/24/2025, 04:42 AM EDT","06/24/2025, 03:42 AM CDT","06/24/2025, 01:42 AM PDT","PEEPS Rainbow Pop Easter Candy, 1.375 Ounce",23267892,70970543654,N/A,N/A,PEEPS®,Grocery,Marshmallows,N/A,N/A,290262,https://i5.walmartimages.com/seo/PEEPS-Rainbow-Pop-Easter-Candy-1-375-Ounce_cc54de0b-397a-4b19-b37c-2385fa9d09e2.367b641b060df53edd4501af586df2e5.jpeg,,N/A,https://www.walmart.com/ip/23267892,3.12,https://www.amazon.com/dp/B009QBLR7O,https://www.amazon.com/s?k=PEEPS%20Rainbow%20Pop%20Easter%20Candy%2C%201.375%20Ounce,https://www.ebay.com/sch/i.html?_nkw=PEEPS%20Rainbow%20Pop%20Easter%20Candy%2C%201.375%20Ounce,https://www.google.com/search?q=PEEPS%20Rainbow%20Pop%20Easter%20Candy%2C%201.375%20Ounce,https://seller.walmart.com/catalog/add-items?search=23267892,N/A,no,no,no,2,0,2,20,Lunar Zone,mfn,$8.81,9,$8.81,$11.98,8.81,3.12,0.49,5.53 %,15.61 %,8.20,2.89,1,$6.85,N/A,$5.20,$3.45,0,$0.70,8.00%,$0.02,1,$1.03,$0.30 /lb,$0.03,$0.00,$0.00,$0.00,$0.00,0,$0.00,,51,"undefined,undefined","10.20, 2.24, 1.54 in, 0.11 lbs",10.20,2.24,1.54,0.11,N/A,Computer
"06/24/2025, 01:43 AM PDT","06/24/2025, 04:43 AM EDT","06/24/2025, 03:43 AM CDT","06/24/2025, 01:43 AM PDT","PEEPS, Rice Krispies Treat Flavored Marshmallow Chicks, Easter Candy, Walmart Exclusive, 10ct (3.0oz)",3600739581,70970549953,Rice Krispies,1,PEEPS®,Grocery,Marshmallows,N/A,N/A,N/A,https://i5.walmartimages.com/seo/PEEPS-Rice-Krispies-Treat-Flavored-Marshmallow-Chicks-10-Count-3-0-Ounces_3c87a1d3-9f5c-4c15-87cf-c816ed253ca5.cd12dd5521af66d187af9fd91cc1a614.jpeg,,N/A,https://www.walmart.com/ip/3600739581,2.03,https://www.amazon.com/dp/B0CRG4DYWC,https://www.amazon.com/s?k=PEEPS%2C%20Rice%20Krispies%20Treat%20Flavored%20Marshmallow%20Chicks%2C%20Easter%20Candy%2C%20Walmart%20Exclusive%2C%2010ct%20(3.0oz),https://www.ebay.com/sch/i.html?_nkw=PEEPS%2C%20Rice%20Krispies%20Treat%20Flavored%20Marshmallow%20Chicks%2C%20Easter%20Candy%2C%20Walmart%20Exclusive%2C%2010ct%20(3.0oz),https://www.google.com/search?q=PEEPS%2C%20Rice%20Krispies%20Treat%20Flavored%20Marshmallow%20Chicks%2C%20Easter%20Candy%2C%20Walmart%20Exclusive%2C%2010ct%20(3.0oz),https://seller.walmart.com/catalog/add-items?search=3600739581,N/A,no,no,no,3,1,2,25,Pretty Little Peach,wfs,$8.00,5,$7.46,$8.50,8,2.03,0.78,9.74 %,38.39 %,7.05,2.25,1,$4.85,N/A,$5.19,$3.45,0,$0.64,8.00%,$0.03,1,$1.07,$0.30 /lb,$0.07,$0.00,$0.00,$0.00,$0.00,0,$0.00,,51,"undefined,undefined","6.73, 5.43, 1.81 in, 0.24 lbs",6.73,5.43,1.81,0.24,N/A,Computer
"06/24/2025, 01:45 AM PDT","06/24/2025, 04:45 AM EDT","06/24/2025, 03:45 AM CDT","06/24/2025, 01:45 AM PDT","PEEPS Marshmallow Ghosts Halloween Candy, 3 Count (1.5 Ounce)",911280899,70970575501,"1.5 oz, Dark Blue, Halloween",2,PEEPS,Grocery,Marshmallows,N/A,N/A,N/A,https://i5.walmartimages.com/seo/PEEPS-Marshmallow-Ghosts-Halloween-Candy-3-Count-1-5-Ounce_6fc34cd2-9891-43d1-b584-47982836d8af.cd6afb016e3efc208a2f38814671f888.jpeg,,N/A,https://www.walmart.com/ip/911280899,1.18,https://www.amazon.com/dp/B0BGMB72D9,https://www.amazon.com/s?k=PEEPS%20Marshmallow%20Ghosts%20Halloween%20Candy%2C%203%20Count%20(1.5%20Ounce),https://www.ebay.com/sch/i.html?_nkw=PEEPS%20Marshmallow%20Ghosts%20Halloween%20Candy%2C%203%20Count%20(1.5%20Ounce),https://www.google.com/search?q=PEEPS%20Marshmallow%20Ghosts%20Halloween%20Candy%2C%203%20Count%20(1.5%20Ounce),https://seller.walmart.com/catalog/add-items?search=911280899,N/A,yes,no,no,1,0,1,46,Smile 'n' Save,mfn,$7.95,46,$7.95,$7.95,7.95,1.18,1.51,19.03 %,128.22 %,6.20,2.15,1,OOS,N/A,$5.26,$3.45,0,$0.64,8.00%,$0.03,1,$1.14,$0.30 /lb,$0.14,$0.00,$0.00,$0.00,$0.00,0,$0.00,,6,"undefined,undefined,undefined","6.34, 5.63, 2.13 in, 0.46 lbs",6.34,5.63,2.13,0.46,N/A,Computer
"06/24/2025, 03:46 AM PDT","06/24/2025, 06:46 AM EDT","06/24/2025, 05:46 AM CDT","06/24/2025, 03:46 AM PDT","Flix Candy Easter - Peeps Gummies, 1 Count, Marshmallow Flavor, 3.75oz",592638240,38252870133,3.73 oz,1,Flix Candy,Grocery,Gummy Candy,N/A,N/A,N/A,https://i5.walmartimages.com/seo/Flix-Candy-Easter-Peeps-Gummies-1-Count-Marshmallow-Flavor-3-75oz_4815f8c9-e827-4438-9066-03c31171f662.0c57d0a045c34be1693c64ad96af0d98.jpeg,,N/A,https://www.walmart.com/ip/592638240,2.36,https://www.amazon.com/dp/B09QDWR21R,https://www.amazon.com/s?k=Flix%20Candy%20Easter%20-%20Peeps%20Gummies%2C%201%20Count%2C%20Marshmallow%20Flavor%2C%203.75oz,https://www.ebay.com/sch/i.html?_nkw=Flix%20Candy%20Easter%20-%20Peeps%20Gummies%2C%201%20Count%2C%20Marshmallow%20Flavor%2C%203.75oz,https://www.google.com/search?q=Flix%20Candy%20Easter%20-%20Peeps%20Gummies%2C%201%20Count%2C%20Marshmallow%20Flavor%2C%203.75oz,https://seller.walmart.com/catalog/add-items?search=592638240,N/A,yes,no,no,3,0,3,39,Smile 'n' Save,mfn,$7.98,31,$7.98,$8.95,7.98,2.36,0.45,5.69 %,19.25 %,7.40,2.25,1,$4.67,N/A,$5.17,$3.45,0,$0.64,8.00%,$0.01,1,$1.07,$0.30 /lb,$0.07,$0.00,$0.00,$0.00,$0.00,0,$0.00,,23,"undefined,undefined","5.87, 4.33, 1.02 in, 0.22 lbs",5.87,4.33,1.02,0.22,N/A,Computer
"06/24/2025, 03:57 AM PDT","06/24/2025, 06:57 AM EDT","06/24/2025, 05:57 AM CDT","06/24/2025, 03:57 AM PDT","PEEPS Marshmallow Snowmen, Christmas Candy, 3 Count (1.5 Ounce)",544097416,70970576010,"1.5 oz, Single",4,PEEPS,Grocery,Marshmallows,N/A,N/A,N/A,https://i5.walmartimages.com/seo/PEEPS-Marshmallow-Snowmen-Christmas-Candy-3-Count-1-5-Ounce_e8fa2bc0-c404-456d-be4c-4f62341aff11.79420a289b35a4d5d2b63b0a8d39be3a.jpeg,,N/A,https://www.walmart.com/ip/544097416,1.12,https://www.amazon.com/dp/B09J1RRNTD,https://www.amazon.com/s?k=PEEPS%20Marshmallow%20Snowmen%2C%20Christmas%20Candy%2C%203%20Count%20(1.5%20Ounce),https://www.ebay.com/sch/i.html?_nkw=PEEPS%20Marshmallow%20Snowmen%2C%20Christmas%20Candy%2C%203%20Count%20(1.5%20Ounce),https://www.google.com/search?q=PEEPS%20Marshmallow%20Snowmen%2C%20Christmas%20Candy%2C%203%20Count%20(1.5%20Ounce),https://seller.walmart.com/catalog/add-items?search=544097416,N/A,no,no,no,2,0,2,25,Smile 'n' Save,mfn,$6.29,20,$6.29,$7.99,6.29,1.12,0.18,2.88 %,16.16 %,6.00,1.04,1,$2.99,N/A,$4.99,$3.45,0,$0.50,8.00%,$0.01,1,$1.03,$0.30 /lb,$0.03,$0.00,$0.00,$0.00,$0.00,0,$0.00,,19,"undefined,undefined,undefined","5.94, 3.23, 1.06 in, 0.09 lbs",5.94,3.23,1.06,0.09,N/A,Computer
"06/24/2025, 04:00 AM PDT","06/24/2025, 07:00 AM EDT","06/24/2025, 06:00 AM CDT","06/24/2025, 04:00 AM PDT",Just Born Christmas Peeps 1.5 oz Pack,2380894552,70970576041,"Stockings, Single",4,Just Born,Grocery,Marshmallows,N/A,N/A,N/A,https://i5.walmartimages.com/seo/Just-Born-Christmas-Peeps-1-5-oz-Pack_e0ef5e62-8ea5-4475-9f25-46c6b5f9d226.dd8710504c68078b13a5ee21537bf2c2.jpeg,,N/A,https://www.walmart.com/ip/2380894552,1.16,https://www.amazon.com/dp/B09J1RL2LG,https://www.amazon.com/s?k=Just%20Born%20Christmas%20Peeps%201.5%20oz%20Pack,https://www.ebay.com/sch/i.html?_nkw=Just%20Born%20Christmas%20Peeps%201.5%20oz%20Pack,https://www.google.com/search?q=Just%20Born%20Christmas%20Peeps%201.5%20oz%20Pack,https://seller.walmart.com/catalog/add-items?search=2380894552,N/A,no,no,no,3,0,3,45,Smile 'n' Save,mfn,$6.48,19,$6.46,$6.51,6.48,1.16,0.28,4.32 %,24.13 %,6.10,1.15,1,OOS,N/A,$5.04,$3.45,0,$0.52,8.00%,$0.01,1,$1.06,$0.30 /lb,$0.06,$0.00,$0.00,$0.00,$0.00,0,$0.00,,19,"undefined,undefined,undefined","6.38, 3.46, 1.22 in, 0.20 lbs",6.38,3.46,1.22,0.20,N/A,Computer
"06/24/2025, 04:30 AM PDT","06/24/2025, 07:30 AM EDT","06/24/2025, 06:30 AM CDT","06/24/2025, 04:30 AM PDT","RM Palmer Peter Rabbit Hollow Milk Chocolate Easter Candy, 5 oz",23258577,41269001919,N/A,N/A,R.M. Palmer,Grocery,Chocolate Candy,N/A,N/A,N/A,https://i5.walmartimages.com/seo/RM-Palmer-Peter-Rabbit-Hollow-Milk-Chocolate-Easter-Candy-5-oz_a5920a91-782a-4bdb-8a2e-004b7888a0ed.0bf18866d45036c673d34bf8da335256.jpeg,,N/A,https://www.walmart.com/ip/23258577,6.21,https://www.amazon.com/dp/B004PX3C26,https://www.amazon.com/s?k=RM%20Palmer%20Peter%20Rabbit%20Hollow%20Milk%20Chocolate%20Easter%20Candy%2C%205%20oz,https://www.ebay.com/sch/i.html?_nkw=RM%20Palmer%20Peter%20Rabbit%20Hollow%20Milk%20Chocolate%20Easter%20Candy%2C%205%20oz,https://www.google.com/search?q=RM%20Palmer%20Peter%20Rabbit%20Hollow%20Milk%20Chocolate%20Easter%20Candy%2C%205%20oz,https://seller.walmart.com/catalog/add-items?search=23258577,N/A,yes,no,no,1,0,1,5,Aayahh,mfn,$16.98,5,$16.98,$16.98,16.98,6.21,2.85,16.80 %,45.95 %,12.50,7.25,1,OOS,N/A,$7.92,$4.95,0,$2.55,15.00%,$0.17,1,$0.25,$0.30 /lb,$0.25,$0.00,$0.00,$0.00,$0.00,0,$0.00,,30,"undefined,undefined","12.20, 6.38, 4.96 in, 0.84 lbs",12.20,6.38,4.96,0.84,N/A,Computer
"06/24/2025, 05:23 AM PDT","06/24/2025, 08:23 AM EDT","06/24/2025, 07:23 AM CDT","06/24/2025, 05:23 AM PDT","PEZ Candy 8-Pack Assorted Fruit Candy Refills, 1 Count, 2.32 oz",37762107,73621000872,N/A,N/A,PEZ,Grocery,Fruit Flavored Candy,N/A,N/A,5408,https://i5.walmartimages.com/seo/PEZ-Candy-8-Pack-Assorted-Fruit-Candy-Refills-1-Count-2-32-oz_c3b83910-2ba8-4f5b-9f99-e0c78dd5905d.48fa93007d2ea64af8a9892292873ba0.jpeg,,N/A,https://www.walmart.com/ip/37762107,1.6,https://www.amazon.com/dp/B0044FUPRA,https://www.amazon.com/s?k=PEZ%20Candy%208-Pack%20Assorted%20Fruit%20Candy%20Refills%2C%201%20Count%2C%202.32%20oz,https://www.ebay.com/sch/i.html?_nkw=PEZ%20Candy%208-Pack%20Assorted%20Fruit%20Candy%20Refills%2C%201%20Count%2C%202.32%20oz,https://www.google.com/search?q=PEZ%20Candy%208-Pack%20Assorted%20Fruit%20Candy%20Refills%2C%201%20Count%2C%202.32%20oz,https://seller.walmart.com/catalog/add-items?search=37762107,undefined,no,no,no,4,1,3,110,Kiwis Hideout LLC,wfs,$8.78,79,$8.47,$18.00,8.78,1.6,1.98,22.55 %,123.73 %,6.55,2.86,1,$3.50,N/A,$5.20,$3.45,0,$0.70,8.00%,$0.00,1,$1.04,$0.30 /lb,$0.04,$0.00,$0.00,$0.00,$0.00,0,$0.00,,26,undefined,"3.78, 2.56, 0.71 in, 0.15 lbs",3.78,2.56,0.71,0.15,N/A,Computer
"06/24/2025, 11:37 PM PDT","06/25/2025, 02:37 AM EDT","06/25/2025, 01:37 AM CDT","06/24/2025, 11:37 PM PDT",PIRATES BOOTY CHED BLAST ( 12 X 4 OZ   ),492901237,15665000173,N/A,N/A,PIRATE'S BOOTY,Grocery,Puffed Snacks,N/A,N/A,PIRATE'S BOOTY,https://i5.walmartimages.com/seo/Pirate-s-Booty-Pirte-Bty-Cheddar-Blast-Case-Of-12-4-Oz_811fa745-7c8c-49b2-be02-d9ad931246af.1e6dcd5c0b85a22cf4a738f02109d34c.jpeg,,N/A,https://www.walmart.com/ip/492901237,34.44,https://www.amazon.com/dp/B08LPZC4Y2,https://www.amazon.com/s?k=PIRATES%20BOOTY%20CHED%20BLAST%20(%2012%20X%204%20OZ%20%20%20),https://www.ebay.com/sch/i.html?_nkw=PIRATES%20BOOTY%20CHED%20BLAST%20(%2012%20X%204%20OZ%20%20%20),https://www.google.com/search?q=PIRATES%20BOOTY%20CHED%20BLAST%20(%2012%20X%204%20OZ%20%20%20),https://seller.walmart.com/catalog/add-items?search=492901237,N/A,yes,no,no,2,0,2,12,Fenvy,mfn,$70.92,5,$70.92,$72.37,70.92,34.44,17.83,25.15 %,51.78 %,49.85,41.82,1,$3.60,N/A,$18.65,$6.55,0,$10.64,15.00%,$0.00,1,$1.46,$0.30 /lb,$1.46,$0.00,$0.00,$0.00,$0.00,0,$0.00,,1372,undefined,"1.00, 1.00, 1.00 in, 4.86 lbs",1.00,1.00,1.00,4.86,N/A,Computer
"06/24/2025, 11:41 PM PDT","06/25/2025, 02:41 AM EDT","06/25/2025, 01:41 AM CDT","06/24/2025, 11:41 PM PDT","Pirate's Booty Aged White Cheddar, 1 Oz, 6 Ct",30604606,15665770458,N/A,N/A,PIRATE'S BOOTY,Grocery,Snack Chips,Pirate Brands,N/A,81677313,https://i5.walmartimages.com/seo/Pirate-s-Booty-Aged-White-Cheddar-1-Oz-6-Ct_3f6338f6-4259-4a0d-bde4-78108101197e.69a42de525ffee0b7da2ae13596fbc46.png,,N/A,https://www.walmart.com/ip/30604606,6.82,https://www.amazon.com/dp/B002XY2ZAO,https://www.amazon.com/s?k=Pirate's%20Booty%20Aged%20White%20Cheddar%2C%201%20Oz%2C%206%20Ct,https://www.ebay.com/sch/i.html?_nkw=Pirate's%20Booty%20Aged%20White%20Cheddar%2C%201%20Oz%2C%206%20Ct,https://www.google.com/search?q=Pirate's%20Booty%20Aged%20White%20Cheddar%2C%201%20Oz%2C%206%20Ct,https://seller.walmart.com/catalog/add-items?search=30604606,N/A,no,no,no,4,0,4,8,ASAD IMRAN,mfn,$12.63,2,$12.63,$15.23,12.63,6.82,0.93,7.37 %,13.65 %,11.55,6.20,1,$11.79,N/A,$4.88,$3.45,0,$1.01,8.00%,$0.28,1,$0.14,$0.30 /lb,$0.14,$0.00,$0.00,$0.00,$0.00,0,$0.00,,230,undefined,"14.69, 13.98, 3.15 in, 0.46 lbs",14.69,13.98,3.15,0.46,N/A,Computer
"06/24/2025, 11:46 PM PDT","06/25/2025, 02:46 AM EDT","06/25/2025, 01:46 AM CDT","06/24/2025, 11:46 PM PDT","Glico Pocky Chocolate Cream Covered Biscuit Sticks, 2.47 oz",27505251,73141152334,Single,2,Pocky,Grocery,Chocolate Covered Snacks,N/A,N/A,N/A,https://i5.walmartimages.com/seo/Glico-Pocky-Chocolate-Cream-Covered-Biscuit-Sticks-2-47-oz_92d5c2da-1bb6-4230-8358-44d80fbd58c8.e251445ff2696a5269526f7cdbfb1bea.jpeg,,N/A,https://www.walmart.com/ip/27505251,2.15,https://www.amazon.com/dp/B00CNHKGGQ,https://www.amazon.com/s?k=Glico%20Pocky%20Chocolate%20Cream%20Covered%20Biscuit%20Sticks%2C%202.47%20oz,https://www.ebay.com/sch/i.html?_nkw=Glico%20Pocky%20Chocolate%20Cream%20Covered%20Biscuit%20Sticks%2C%202.47%20oz,https://www.google.com/search?q=Glico%20Pocky%20Chocolate%20Cream%20Covered%20Biscuit%20Sticks%2C%202.47%20oz,https://seller.walmart.com/catalog/add-items?search=27505251,N/A,yes,no,no,2,0,2,64,Big & Cheap Wholesale,mfn,$8.49,54,$8.48,$8.49,8.48,2.15,1.13,13.38 %,52.76 %,7.15,2.63,1,$8.54,N/A,$5.20,$3.45,0,$0.68,8.00%,$0.01,1,$1.06,$0.30 /lb,$0.06,$0.00,$0.00,$0.00,$0.00,0,$0.00,,42,"undefined,undefined,undefined","5.75, 3.11, 0.94 in, 0.20 lbs",5.75,3.11,0.94,0.20,N/A,Computer
"06/24/2025, 11:50 PM PDT","06/25/2025, 02:50 AM EDT","06/25/2025, 01:50 AM CDT","06/24/2025, 11:50 PM PDT","Glico Pocky Matcha Covered Biscuit Sticks, 1.41 oz",125680364,73141152945,Single,2,Glico,Grocery,Cookies,N/A,N/A,26452,https://i5.walmartimages.com/seo/Glico-Pocky-Matcha-Covered-Biscuit-Sticks-1-41-oz_d73f27c6-d359-46f8-9397-b3d68a2b1056.ad1aef41cbce31034b1b1f01d4ac5a0c.jpeg,,N/A,https://www.walmart.com/ip/125680364,1.67,https://www.amazon.com/dp/B00SOEGPEO,https://www.amazon.com/s?k=Glico%20Pocky%20Matcha%20Covered%20Biscuit%20Sticks%2C%201.41%20oz,https://www.ebay.com/sch/i.html?_nkw=Glico%20Pocky%20Matcha%20Covered%20Biscuit%20Sticks%2C%201.41%20oz,https://www.google.com/search?q=Glico%20Pocky%20Matcha%20Covered%20Biscuit%20Sticks%2C%201.41%20oz,https://seller.walmart.com/catalog/add-items?search=125680364,N/A,no,no,no,2,0,2,9971,PowerGrocery,mfn,$8.99,9966,$8.99,$12.50,8.99,1.67,2.11,23.48 %,126.42 %,6.60,3.02,1,$7.11,N/A,$5.21,$3.45,0,$0.72,8.00%,$0.01,1,$1.03,$0.30 /lb,$0.03,$0.00,$0.00,$0.00,$0.00,0,$0.00,,15,"undefined,undefined,undefined","5.79, 3.03, 0.87 in, 0.11 lbs",5.79,3.03,0.87,0.11,N/A,Computer
"06/24/2025, 11:53 PM PDT","06/25/2025, 02:53 AM EDT","06/25/2025, 01:53 AM CDT","06/24/2025, 11:53 PM PDT","Glico Pocky Sticks, Strawberry Cream, 2.47 oz (70 g) Box",177710513,73141152518,Single,2,Pocky,Grocery,Fruit Flavored Candy,N/A,N/A,N/A,https://i5.walmartimages.com/seo/Glico-Pocky-Sticks-Strawberry-Cream-70-Gm_553b59fb-884a-4404-a057-7aedc0892972.2eec6e647d381790603aaeab3fdb1aed.jpeg,,N/A,https://www.walmart.com/ip/177710513,2.15,https://www.amazon.com/dp/B00JE2SCMS,https://www.amazon.com/s?k=Glico%20Pocky%20Sticks%2C%20Strawberry%20Cream%2C%202.47%20oz%20(70%20g)%20Box,https://www.ebay.com/sch/i.html?_nkw=Glico%20Pocky%20Sticks%2C%20Strawberry%20Cream%2C%202.47%20oz%20(70%20g)%20Box,https://www.google.com/search?q=Glico%20Pocky%20Sticks%2C%20Strawberry%20Cream%2C%202.47%20oz%20(70%20g)%20Box,https://seller.walmart.com/catalog/add-items?search=177710513,N/A,no,no,no,1,0,1,9995,PowerGrocery,mfn,$8.99,9995,$8.99,$8.99,8.99,2.15,1.62,18.00 %,75.25 %,7.15,3.01,1,OOS,N/A,$5.22,$3.45,0,$0.72,8.00%,$0.01,1,$1.04,$0.30 /lb,$0.04,$0.00,$0.00,$0.00,$0.00,0,$0.00,,17,"undefined,undefined","1.00, 3.10, 5.95 in, 0.15 lbs",1.00,3.10,5.95,0.15,N/A,Computer
"06/25/2025, 03:39 AM PDT","06/25/2025, 06:39 AM EDT","06/25/2025, 05:39 AM CDT","06/25/2025, 03:39 AM PDT","Snack Factory Pretzel Crisps Bites, Sea Salt Pretzels, 12 oz",304547860,49508252023,Style 2,2,Snack Factory,Grocery,Pretzels,N/A,N/A,0049508252023,https://i5.walmartimages.com/seo/Snack-Factory-Pretzel-Crisps-Bites-Sea-Salt-Pretzels-12-oz_46bc9581-dec7-422a-a486-d6be88c191c5.d4ef92271b4272e61b5ccc880b6364e6.jpeg,,N/A,https://www.walmart.com/ip/304547860,4.65,https://www.amazon.com/dp/B09H2Q3ZXC,https://www.amazon.com/s?k=Snack%20Factory%20Pretzel%20Crisps%20Bites%2C%20Sea%20Salt%20Pretzels%2C%2012%20oz,https://www.ebay.com/sch/i.html?_nkw=Snack%20Factory%20Pretzel%20Crisps%20Bites%2C%20Sea%20Salt%20Pretzels%2C%2012%20oz,https://www.google.com/search?q=Snack%20Factory%20Pretzel%20Crisps%20Bites%2C%20Sea%20Salt%20Pretzels%2C%2012%20oz,https://seller.walmart.com/catalog/add-items?search=304547860,N/A,yes,no,no,1,0,1,10,Shami Group LLC,mfn,$15.91,10,$15.91,$15.91,15.91,4.65,3.57,22.46 %,76.86 %,10.75,6.58,1,OOS,N/A,$7.69,$4.95,0,$2.39,15.00%,$0.12,1,$0.23,$0.30 /lb,$0.23,$0.00,$0.00,$0.00,$0.00,0,$0.00,,78,"undefined,undefined,undefined","12.17, 8.15, 2.68 in, 0.78 lbs",12.17,8.15,2.68,0.78,N/A,Computer
"06/25/2025, 03:41 AM PDT","06/25/2025, 06:41 AM EDT","06/25/2025, 05:41 AM CDT","06/25/2025, 03:41 AM PDT","Snack Factory Pretzel Crisps, Buffalo Wing, On-the-Go Bag, 3 oz",130461192,49508007319,N/A,N/A,Snack Factory,Grocery,Pretzels,N/A,N/A,30CA1CF62A6E244,https://i5.walmartimages.com/seo/Snack-Factory-Pretzel-Crisps-Buffalo-Wing-On-the-Go-Bag-3-oz_1f759cc1-795c-413e-823d-6be64a35fc23.5b3cbbecd40f245a334b6cc3016fc311.jpeg,,N/A,https://www.walmart.com/ip/130461192,1.49,https://www.amazon.com/dp/B01LPH85Z8,https://www.amazon.com/s?k=Snack%20Factory%20Pretzel%20Crisps%2C%20Buffalo%20Wing%2C%20On-the-Go%20Bag%2C%203%20oz,https://www.ebay.com/sch/i.html?_nkw=Snack%20Factory%20Pretzel%20Crisps%2C%20Buffalo%20Wing%2C%20On-the-Go%20Bag%2C%203%20oz,https://www.google.com/search?q=Snack%20Factory%20Pretzel%20Crisps%2C%20Buffalo%20Wing%2C%20On-the-Go%20Bag%2C%203%20oz,https://seller.walmart.com/catalog/add-items?search=130461192,N/A,no,no,no,1,0,1,1,ATSMN,mfn,$8.56,1,$8.56,$8.56,8.56,1.49,1.71,20.02 %,115.00 %,6.60,2.56,1,$6.35,N/A,$5.36,$3.45,0,$0.68,8.00%,$0.07,1,$1.15,$0.30 /lb,$0.15,$0.00,$0.00,$0.00,$0.00,0,$0.00,,273,"undefined,undefined","10.98, 5.79, 2.60 in, 0.50 lbs",10.98,5.79,2.60,0.50,N/A,Computer
"06/25/2025, 03:43 AM PDT","06/25/2025, 06:43 AM EDT","06/25/2025, 05:43 AM CDT","06/25/2025, 03:43 AM PDT","Snack Factory Pretzel Crisps, Dark Chocolate Covered Pretzels, 5.5 oz",137746516,49508250166,Single,2,Snack Factory,Grocery,Pretzels,N/A,N/A,107632,https://i5.walmartimages.com/seo/Snack-Factory-Pretzel-Crisps-Dark-Chocolate-Covered-Pretzels-5-5-oz_e622af63-eadb-462f-a39d-9a09b639c2cd.7e863144d3a08e0fea806f05a7430216.jpeg,,N/A,https://www.walmart.com/ip/137746516,4.25,https://www.amazon.com/dp/B07DDZRNBK,https://www.amazon.com/s?k=Snack%20Factory%20Pretzel%20Crisps%2C%20Dark%20Chocolate%20Covered%20Pretzels%2C%205.5%20oz,https://www.ebay.com/sch/i.html?_nkw=Snack%20Factory%20Pretzel%20Crisps%2C%20Dark%20Chocolate%20Covered%20Pretzels%2C%205.5%20oz,https://www.google.com/search?q=Snack%20Factory%20Pretzel%20Crisps%2C%20Dark%20Chocolate%20Covered%20Pretzels%2C%205.5%20oz,https://seller.walmart.com/catalog/add-items?search=137746516,N/A,no,no,no,4,0,4,70,Greenwald Brands,mfn,$12.99,44,$12.84,$16.95,12.99,4.25,4.1,31.53 %,96.38 %,9.55,6.68,1,$16.98,N/A,$4.64,$3.45,0,$1.04,8.00%,$0.05,1,$0.10,$0.30 /lb,$0.10,$0.00,$0.00,$0.00,$0.00,0,$0.00,,87,"undefined,undefined","8.70, 6.97, 1.89 in, 0.35 lbs",8.70,6.97,1.89,0.35,N/A,Computer
"06/25/2025, 03:44 AM PDT","06/25/2025, 06:44 AM EDT","06/25/2025, 05:44 AM CDT","06/25/2025, 03:44 AM PDT","Snack Factory Pretzel Crisps Drizzlers, Dark Chocolate Drizzled Pretzels, 5.5 oz",589798625,49508251408,N/A,N/A,Snack Factory,Grocery,Pretzels,N/A,N/A,N/A,https://i5.walmartimages.com/seo/Snack-Factory-Pretzel-Crisps-Drizzlers-Dark-Chocolate-Drizzled-Pretzels-5-5-oz_174590ab-bee4-4d39-ad97-f3f76f625aa4.c7a2ec1b10fcf56b4897e5c5aa3b65db.jpeg,,N/A,https://www.walmart.com/ip/589798625,4.23,https://www.amazon.com/dp/B0849N4SYV,https://www.amazon.com/s?k=Snack%20Factory%20Pretzel%20Crisps%20Drizzlers%2C%20Dark%20Chocolate%20Drizzled%20Pretzels%2C%205.5%20oz,https://www.ebay.com/sch/i.html?_nkw=Snack%20Factory%20Pretzel%20Crisps%20Drizzlers%2C%20Dark%20Chocolate%20Drizzled%20Pretzels%2C%205.5%20oz,https://www.google.com/search?q=Snack%20Factory%20Pretzel%20Crisps%20Drizzlers%2C%20Dark%20Chocolate%20Drizzled%20Pretzels%2C%205.5%20oz,https://seller.walmart.com/catalog/add-items?search=589798625,N/A,no,no,no,3,0,3,33,Tropical food mart,mfn,$14.80,19,$14.80,$18.49,14.8,4.23,5.78,39.03 %,136.55 %,9.50,8.01,1,OOS,N/A,$4.79,$3.45,0,$1.18,8.00%,$0.06,1,$0.10,$0.30 /lb,$0.10,$0.00,$0.00,$0.00,$0.00,0,$0.00,,39,"undefined,undefined","9.45, 6.61, 2.24 in, 0.33 lbs",9.45,6.61,2.24,0.33,N/A,Computer
"06/25/2025, 03:46 AM PDT","06/25/2025, 06:46 AM EDT","06/25/2025, 05:46 AM CDT","06/25/2025, 03:46 AM PDT","Snack Factory Pretzel Crisps, Everything, 3 oz",913690216,49508251774,N/A,N/A,Snack Factory,Grocery,Pretzels,N/A,N/A,N/A,https://i5.walmartimages.com/seo/Snack-Factory-Pretzel-Crisps-Everything-3-oz_5b95b936-1356-477f-ae29-84ec290332b5.4164ae1b1703df996e6291349a791a20.jpeg,,N/A,https://www.walmart.com/ip/913690216,1.49,N/A,https://www.amazon.com/s?k=Snack%20Factory%20Pretzel%20Crisps%2C%20Everything%2C%203%20oz,https://www.ebay.com/sch/i.html?_nkw=Snack%20Factory%20Pretzel%20Crisps%2C%20Everything%2C%203%20oz,https://www.google.com/search?q=Snack%20Factory%20Pretzel%20Crisps%2C%20Everything%2C%203%20oz,https://seller.walmart.com/catalog/add-items?search=913690216,N/A,no,no,no,2,1,1,7,Perfectrendy Store,mfn,$8.96,3,$8.96,$8.96,8.96,1.49,2.05,22.90 %,137.73 %,6.65,2.83,1,NA,N/A,$5.42,$3.45,0,$0.72,8.00%,$0.13,1,$1.13,$0.30 /lb,$0.13,$0.00,$0.00,$0.00,$0.00,0,$0.00,,339,"undefined,undefined","11.10, 7.09, 3.66 in, 0.42 lbs",11.10,7.09,3.66,0.42,N/A,Computer
"06/25/2025, 03:49 AM PDT","06/25/2025, 06:49 AM EDT","06/25/2025, 05:49 AM CDT","06/25/2025, 03:49 AM PDT","Snack Factory Pretzel Crisps, Milk Chocolate Covered Pretzels, 5.5 oz",111670016,49508250180,N/A,N/A,Snack Factory,Grocery,Chocolate Covered Snacks,N/A,N/A,107634,https://i5.walmartimages.com/seo/Snack-Factory-Pretzel-Crisps-Milk-Chocolate-Covered-Pretzels-5-5-oz_ecfe216c-20d6-4a10-b775-c0f91287b7ec.2bb972db77aeb7bf6496916c9561905d.jpeg,,N/A,https://www.walmart.com/ip/111670016,4.25,https://www.amazon.com/dp/B07DF318NJ,https://www.amazon.com/s?k=Snack%20Factory%20Pretzel%20Crisps%2C%20Milk%20Chocolate%20Covered%20Pretzels%2C%205.5%20oz,https://www.ebay.com/sch/i.html?_nkw=Snack%20Factory%20Pretzel%20Crisps%2C%20Milk%20Chocolate%20Covered%20Pretzels%2C%205.5%20oz,https://www.google.com/search?q=Snack%20Factory%20Pretzel%20Crisps%2C%20Milk%20Chocolate%20Covered%20Pretzels%2C%205.5%20oz,https://seller.walmart.com/catalog/add-items?search=111670016,N/A,no,no,no,1,0,1,6,SMARTEYE SOLUTIONS LLC,mfn,$15.99,6,$15.99,$15.99,15.99,4.25,5.74,35.91 %,135.11 %,9.55,7.99,1,$17.40,N/A,$6.00,$3.45,0,$2.40,15.00%,$0.04,1,$0.11,$0.30 /lb,$0.11,$0.00,$0.00,$0.00,$0.00,0,$0.00,,26,"undefined,undefined","8.78, 6.73, 1.50 in, 0.37 lbs",8.78,6.73,1.50,0.37,N/A,Computer
"06/25/2025, 04:29 AM PDT","06/25/2025, 07:29 AM EDT","06/25/2025, 06:29 AM CDT","06/25/2025, 04:29 AM PDT","Push Pop Gummy Roll Assorted Flavors Gummy Candy, 1.4oz, 1 Count",113062212,41116255007,1.4 oz,1,Push Pop,Grocery,Gummy Candy,N/A,N/A,BCBG25500,https://i5.walmartimages.com/seo/Push-Pop-Gummy-Roll-Assorted-Flavors-Gummy-Candy-1-4oz-1-Count_3497883d-44d2-4e2e-bcb6-80e1f84522f4.6ff25d936209b6ef5eba4709673ea971.jpeg,,N/A,https://www.walmart.com/ip/113062212,2.1,https://www.amazon.com/dp/B0D821S9TF,https://www.amazon.com/s?k=Push%20Pop%20Gummy%20Roll%20Assorted%20Flavors%20Gummy%20Candy%2C%201.4oz%2C%201%20Count,https://www.ebay.com/sch/i.html?_nkw=Push%20Pop%20Gummy%20Roll%20Assorted%20Flavors%20Gummy%20Candy%2C%201.4oz%2C%201%20Count,https://www.google.com/search?q=Push%20Pop%20Gummy%20Roll%20Assorted%20Flavors%20Gummy%20Candy%2C%201.4oz%2C%201%20Count,https://seller.walmart.com/catalog/add-items?search=113062212,N/A,no,no,no,1,0,1,11,Rebel 21,mfn,$8.74,11,$8.74,$8.74,8.74,2.1,1.48,16.99 %,70.70 %,7.05,2.87,1,OOS,N/A,$5.16,$3.45,0,$0.70,8.00%,$0.00,1,$1.01,$0.30 /lb,$0.01,$0.00,$0.00,$0.00,$0.00,0,$0.00,,18,"undefined,undefined","0.12, 0.12, 0.04 in, 0.02 lbs",0.12,0.12,0.04,0.02,N/A,Computer
"06/25/2025, 04:38 AM PDT","06/25/2025, 07:38 AM EDT","06/25/2025, 06:38 AM CDT","06/25/2025, 04:38 AM PDT","Queen Anne Dark Chocolate Cordial Cherries, 6.6 oz Box, 10 Pieces",28131215,43268800036,Single,4,Queen Anne,Grocery,Chocolate Covered Fruits,N/A,N/A,N/A,https://i5.walmartimages.com/seo/Queen-Anne-Dark-Chocolate-Cordial-Cherries-6-6-oz-Box-10-Pieces_242a3969-6b8b-472c-a933-dfe1c5885f28.73d6bcd36751d9736209a27842f27fce.jpeg,,N/A,https://www.walmart.com/ip/28131215,3.26,https://www.amazon.com/dp/B00HD41I8E,https://www.amazon.com/s?k=Queen%20Anne%20Dark%20Chocolate%20Cordial%20Cherries%2C%206.6%20oz%20Box%2C%2010%20Pieces,https://www.ebay.com/sch/i.html?_nkw=Queen%20Anne%20Dark%20Chocolate%20Cordial%20Cherries%2C%206.6%20oz%20Box%2C%2010%20Pieces,https://www.google.com/search?q=Queen%20Anne%20Dark%20Chocolate%20Cordial%20Cherries%2C%206.6%20oz%20Box%2C%2010%20Pieces,https://seller.walmart.com/catalog/add-items?search=28131215,N/A,no,no,no,4,2,2,116,From R Homestead,wfs,$10.00,14,$10.00,$11.99,10,3.26,2.31,23.06 %,70.74 %,8.50,4.45,1,OOS,N/A,$4.43,$3.45,0,$0.80,8.00%,$0.03,1,$0.15,$0.30 /lb,$0.15,$0.00,$0.00,$0.00,$0.00,0,$0.00,,187,"undefined,undefined","7.36, 3.66, 2.64 in, 0.51 lbs",7.36,3.66,2.64,0.51,N/A,Computer
"06/25/2025, 04:40 AM PDT","06/25/2025, 07:40 AM EDT","06/25/2025, 06:40 AM CDT","06/25/2025, 04:40 AM PDT","Queen Anne Milk Chocolate Cordial Cherries, 6.6 oz Box, 10 Pieces",28131212,43268800029,Single,2,Queen Anne,Grocery,Chocolate Covered Fruits,N/A,N/A,Cherry Cordial Milk Chocolate,https://i5.walmartimages.com/seo/Queen-Anne-Milk-Chocolate-Cordial-Cherries-6-6-oz-Box-10-Pieces_2569a6a4-cfad-4a11-8c1e-21a4d02df93c.3b14bf9736dfd89beed19e3d153a0df4.jpeg,,N/A,https://www.walmart.com/ip/28131212,3.26,https://www.amazon.com/dp/B01M7OX8RZ,https://www.amazon.com/s?k=Queen%20Anne%20Milk%20Chocolate%20Cordial%20Cherries%2C%206.6%20oz%20Box%2C%2010%20Pieces,https://www.ebay.com/sch/i.html?_nkw=Queen%20Anne%20Milk%20Chocolate%20Cordial%20Cherries%2C%206.6%20oz%20Box%2C%2010%20Pieces,https://www.google.com/search?q=Queen%20Anne%20Milk%20Chocolate%20Cordial%20Cherries%2C%206.6%20oz%20Box%2C%2010%20Pieces,https://seller.walmart.com/catalog/add-items?search=28131212,N/A,no,no,no,2,0,2,102,Mighty Merchandise,mfn,$11.99,91,$11.99,$12.41,11.99,3.26,4.1,34.23 %,125.88 %,8.55,5.89,1,OOS,N/A,$4.63,$3.45,0,$0.96,8.00%,$0.06,1,$0.15,$0.30 /lb,$0.15,$0.00,$0.00,$0.00,$0.00,0,$0.00,,370,"undefined,undefined,undefined","7.68, 7.28, 2.64 in, 0.51 lbs",7.68,7.28,2.64,0.51,N/A,Computer
"06/26/2025, 12:04 AM PDT","06/26/2025, 03:04 AM EDT","06/26/2025, 02:04 AM CDT","06/26/2025, 12:04 AM PDT","Rao's Made for Home Chicken Gnocchi Soup, Ready to Eat Chicken Soup with Gnocchi, 16 Oz",443583878,747479400015,Single,2,Rao's Homemade,Grocery,Prepared & Packaged Soups,N/A,03-00098,03-00098,https://i5.walmartimages.com/seo/Rao-s-Made-for-Home-Chicken-Gnocchi-Soup-Ready-to-Eat-Chicken-Soup-with-Gnocchi-16-Oz_2c8ff1a3-a804-42d9-90ef-346d15bb20e7.5745ba62207d1fbc3855d4a0bf720016.jpeg,,N/A,https://www.walmart.com/ip/443583878,4.52,https://www.amazon.com/dp/B08695RN4J,https://www.amazon.com/s?k=Rao's%20Made%20for%20Home%20Chicken%20Gnocchi%20Soup%2C%20Ready%20to%20Eat%20Chicken%20Soup%20with%20Gnocchi%2C%2016%20Oz,https://www.ebay.com/sch/i.html?_nkw=Rao's%20Made%20for%20Home%20Chicken%20Gnocchi%20Soup%2C%20Ready%20to%20Eat%20Chicken%20Soup%20with%20Gnocchi%2C%2016%20Oz,https://www.google.com/search?q=Rao's%20Made%20for%20Home%20Chicken%20Gnocchi%20Soup%2C%20Ready%20to%20Eat%20Chicken%20Soup%20with%20Gnocchi%2C%2016%20Oz,https://seller.walmart.com/catalog/add-items?search=443583878,N/A,no,no,no,2,0,2,14,13145379 Inc.,mfn,$11.98,6,$11.98,$14.96,11.98,4.52,0.99,8.30 %,22.01 %,10.80,4.41,1,OOS,N/A,$6.47,$4.95,0,$0.96,8.00%,$0.07,1,$0.48,$0.30 /lb,$0.48,$0.00,$0.00,$0.00,$0.00,0,$0.00,,666,"undefined,undefined,undefined","8.58, 5.79, 3.43 in, 1.61 lbs",8.58,5.79,3.43,1.61,N/A,Computer
"06/26/2025, 12:41 AM PDT","06/26/2025, 03:41 AM EDT","06/26/2025, 02:41 AM CDT","06/26/2025, 12:41 AM PDT","Rao's Made for Home Pasta & Fagioli Soup, Ready to Eat Vegetable Soup, No Preservatives, 16 oz",158315396,747479400053,Single,1,Rao's Homemade,Grocery,Prepared & Packaged Soups,N/A,03-00101,03-00101,https://i5.walmartimages.com/seo/Rao-s-Made-for-Home-Pasta-Fagioli-Soup-Ready-to-Eat-Vegetable-Soup-No-Preservatives-16-oz_86e8fdc9-bb7b-4bbf-9f8b-9695459b2ddc_2.0b59e74bcc46c78660ab713504b9a2e7.jpeg,,N/A,https://www.walmart.com/ip/158315396,4.52,https://www.amazon.com/dp/B07ZDRTS4N,https://www.amazon.com/s?k=Rao's%20Made%20for%20Home%20Pasta%20%26%20Fagioli%20Soup%2C%20Ready%20to%20Eat%20Vegetable%20Soup%2C%20No%20Preservatives%2C%2016%20oz,https://www.ebay.com/sch/i.html?_nkw=Rao's%20Made%20for%20Home%20Pasta%20%26%20Fagioli%20Soup%2C%20Ready%20to%20Eat%20Vegetable%20Soup%2C%20No%20Preservatives%2C%2016%20oz,https://www.google.com/search?q=Rao's%20Made%20for%20Home%20Pasta%20%26%20Fagioli%20Soup%2C%20Ready%20to%20Eat%20Vegetable%20Soup%2C%20No%20Preservatives%2C%2016%20oz,https://seller.walmart.com/catalog/add-items?search=158315396,N/A,no,no,no,3,0,3,36,WF Market,mfn,$13.20,27,$13.20,$13.48,13.2,4.52,2.14,16.22 %,47.36 %,10.80,5.33,1,$20.00,N/A,$6.54,$4.95,0,$1.06,8.00%,$0.04,1,$0.49,$0.30 /lb,$0.49,$0.00,$0.00,$0.00,$0.00,0,$0.00,,371,"undefined,undefined","8.07, 3.39, 3.23 in, 1.65 lbs",8.07,3.39,3.23,1.65,N/A,Computer
"06/26/2025, 12:42 AM PDT","06/26/2025, 03:42 AM EDT","06/26/2025, 02:42 AM CDT","06/26/2025, 12:42 AM PDT","Rao's Made for Home Minestrone Soup, Ready to Eat Chunky Vegetable Soup, No Preservatives, 16 oz",758622303,747479400046,Single,2,Rao's Homemade,Grocery,Prepared & Packaged Soups,N/A,03-00103,03-00103,https://i5.walmartimages.com/seo/Rao-s-Made-for-Home-Minestrone-Soup-Ready-to-Eat-Chunky-Vegetable-Soup-No-Preservatives-16-oz_1a0a9b1a-8339-4b8e-9ba7-f6be66ce3ae0.0251c5df489f5fe11c32b491cc846081.jpeg,,N/A,https://www.walmart.com/ip/758622303,4.52,https://www.amazon.com/dp/B07Y45VFR5,https://www.amazon.com/s?k=Rao's%20Made%20for%20Home%20Minestrone%20Soup%2C%20Ready%20to%20Eat%20Chunky%20Vegetable%20Soup%2C%20No%20Preservatives%2C%2016%20oz,https://www.ebay.com/sch/i.html?_nkw=Rao's%20Made%20for%20Home%20Minestrone%20Soup%2C%20Ready%20to%20Eat%20Chunky%20Vegetable%20Soup%2C%20No%20Preservatives%2C%2016%20oz,https://www.google.com/search?q=Rao's%20Made%20for%20Home%20Minestrone%20Soup%2C%20Ready%20to%20Eat%20Chunky%20Vegetable%20Soup%2C%20No%20Preservatives%2C%2016%20oz,https://seller.walmart.com/catalog/add-items?search=758622303,N/A,no,no,no,1,0,1,27,HELAL LLC,mfn,$11.09,27,$11.09,$11.09,11.09,4.52,0.19,1.68 %,4.13 %,10.80,3.77,1,$15.20,N/A,$6.38,$4.95,0,$0.89,8.00%,$0.08,1,$0.47,$0.30 /lb,$0.47,$0.00,$0.00,$0.00,$0.00,0,$0.00,,435,"undefined,undefined,undefined","6.97, 6.50, 3.82 in, 1.57 lbs",6.97,6.50,3.82,1.57,N/A,Computer
"06/26/2025, 01:11 AM PDT","06/26/2025, 04:11 AM EDT","06/26/2025, 03:11 AM CDT","06/26/2025, 01:11 AM PDT","Red Vines Twists, Black Licorice Chewy Candy, 3.5lbs Party Size Jar",55490044,41364001074,N/A,N/A,Red Vines,Grocery,Licorice Candy,N/A,N/A,54417,https://i5.walmartimages.com/seo/Red-Vines-Twists-Black-Licorice-Chewy-Candy-3-5lbs-Party-Size-Jar_dd35d592-1a72-487b-9bde-f025771ad510.732d19d24a7fe88b8efc6f6b3c10cfc2.jpeg,,N/A,https://www.walmart.com/ip/55490044,9.76,https://www.amazon.com/dp/B06X92J1VK,https://www.amazon.com/s?k=Red%20Vines%20Twists%2C%20Black%20Licorice%20Chewy%20Candy%2C%203.5lbs%20Party%20Size%20Jar,https://www.ebay.com/sch/i.html?_nkw=Red%20Vines%20Twists%2C%20Black%20Licorice%20Chewy%20Candy%2C%203.5lbs%20Party%20Size%20Jar,https://www.google.com/search?q=Red%20Vines%20Twists%2C%20Black%20Licorice%20Chewy%20Candy%2C%203.5lbs%20Party%20Size%20Jar,https://seller.walmart.com/catalog/add-items?search=55490044,N/A,no,no,no,11,0,11,104,"Penny 2 Penny, LLC",mfn,$27.85,1,$27.85,$38.35,27.85,9.76,6.36,22.83 %,65.15 %,20.30,12.89,1,$26.99,N/A,$11.73,$6.15,0,$4.18,15.00%,$0.22,1,$1.19,$0.30 /lb,$1.19,$0.00,$0.00,$0.00,$0.00,0,$0.00,,609,undefined,"8.39, 7.80, 7.72 in, 3.95 lbs",8.39,7.80,7.72,3.95,N/A,Computer
"06/26/2025, 01:18 AM PDT","06/26/2025, 04:18 AM EDT","06/26/2025, 03:18 AM CDT","06/26/2025, 01:18 AM PDT","Red Vines Sugar Free Strawberry Twists Chewy Candy, 5oz Bag",19399878,41364003412,Single,2,Red Vines,Grocery,Licorice Candy,N/A,N/A,50341,https://i5.walmartimages.com/seo/Red-Vines-Sugar-Free-Strawberry-Twists-Chewy-Candy-5oz-Bag_e42c7c85-32e7-434d-9eff-b7f8b4ccd29a.e2bae67e317cd4806f88f46854fa3433.jpeg,,N/A,https://www.walmart.com/ip/19399878,2.46,https://www.amazon.com/dp/B0CGVWXNFW,https://www.amazon.com/s?k=Red%20Vines%20Sugar%20Free%20Strawberry%20Twists%20Chewy%20Candy%2C%205oz%20Bag,https://www.ebay.com/sch/i.html?_nkw=Red%20Vines%20Sugar%20Free%20Strawberry%20Twists%20Chewy%20Candy%2C%205oz%20Bag,https://www.google.com/search?q=Red%20Vines%20Sugar%20Free%20Strawberry%20Twists%20Chewy%20Candy%2C%205oz%20Bag,https://seller.walmart.com/catalog/add-items?search=19399878,N/A,no,no,no,4,0,4,317,Candy Retailer,mfn,$9.84,71,$9.84,$16.25,9.84,2.46,2.02,20.51 %,82.05 %,7.55,3.58,1,$12.00,N/A,$5.36,$3.45,0,$0.79,8.00%,$0.02,1,$1.10,$0.30 /lb,$0.10,$0.00,$0.00,$0.00,$0.00,0,$0.00,,385,"undefined,undefined","8.11, 5.00, 1.10 in, 0.35 lbs",8.11,5.00,1.10,0.35,N/A,Computer
"06/26/2025, 01:33 AM PDT","06/26/2025, 04:33 AM EDT","06/26/2025, 03:33 AM CDT","06/26/2025, 01:33 AM PDT","Reese's Pieces Peanut Butter In a Crunchy Shell Candy, Bag 5.3 oz",1728633968,34000116416,N/A,N/A,Reese's,Grocery,Hard Candy,N/A,N/A,N/A,https://i5.walmartimages.com/seo/Reese-s-Pieces-Peanut-Butter-In-a-Crunchy-Shell-Candy-Bag-5-3-oz_f4a6d1c3-66fa-4a2c-b0bd-6c42ff84a5bc.675f92d8c6775fc0376c6db72116bfa5.jpeg,,N/A,https://www.walmart.com/ip/1728633968,2.63,https://www.amazon.com/dp/B0D4R7SSGN,https://www.amazon.com/s?k=Reese's%20Pieces%20Peanut%20Butter%20In%20a%20Crunchy%20Shell%20Candy%2C%20Bag%205.3%20oz,https://www.ebay.com/sch/i.html?_nkw=Reese's%20Pieces%20Peanut%20Butter%20In%20a%20Crunchy%20Shell%20Candy%2C%20Bag%205.3%20oz,https://www.google.com/search?q=Reese's%20Pieces%20Peanut%20Butter%20In%20a%20Crunchy%20Shell%20Candy%2C%20Bag%205.3%20oz,https://seller.walmart.com/catalog/add-items?search=1728633968,N/A,yes,no,no,1,0,1,20,MM Traders,mfn,$9.96,20,$9.96,$9.96,9.96,2.63,1.99,19.99 %,75.69 %,7.70,3.70,1,OOS,N/A,$5.34,$3.45,0,$0.80,8.00%,$0.03,1,$1.07,$0.30 /lb,$0.07,$0.00,$0.00,$0.00,$0.00,0,$0.00,,956,"undefined,undefined","3.94, 3.94, 3.94 in, 0.22 lbs",3.94,3.94,3.94,0.22,N/A,Computer
"06/26/2025, 03:20 AM PDT","06/26/2025, 06:20 AM EDT","06/26/2025, 05:20 AM CDT","06/26/2025, 03:20 AM PDT","Reese's Milk Chocolate Peanut Butter Dipped Animal Crackers, Bag 4.25 oz",1111431499,34000217533,"4.25 oz, Single",1,Reese's,Grocery,Snack Crackers,The Hershey Company,N/A,N/A,https://i5.walmartimages.com/seo/Reese-s-Milk-Chocolate-Peanut-Butter-Dipped-Animal-Crackers-Bag-4-25-oz_a19b0a0e-df9a-4e72-932a-751325115757.0fea73e2ffd8d35dfb6b93645e3de652.jpeg,,N/A,https://www.walmart.com/ip/1111431499,2.58,https://www.amazon.com/dp/B09R3DD95S,https://www.amazon.com/s?k=Reese's%20Milk%20Chocolate%20Peanut%20Butter%20Dipped%20Animal%20Crackers%2C%20Bag%204.25%20oz,https://www.ebay.com/sch/i.html?_nkw=Reese's%20Milk%20Chocolate%20Peanut%20Butter%20Dipped%20Animal%20Crackers%2C%20Bag%204.25%20oz,https://www.google.com/search?q=Reese's%20Milk%20Chocolate%20Peanut%20Butter%20Dipped%20Animal%20Crackers%2C%20Bag%204.25%20oz,https://seller.walmart.com/catalog/add-items?search=1111431499,N/A,no,no,no,1,1,0,13,Hominics Essentials,wfs,$9.07,13,$9.07,$9.07,9.07,2.58,1.21,13.30 %,46.77 %,7.65,3.03,1,$8.54,N/A,$5.28,$3.45,0,$0.73,8.00%,$0.02,1,$1.09,$0.30 /lb,$0.09,$0.00,$0.00,$0.00,$0.00,0,$0.00,,106,"undefined,undefined","8.58, 5.67, 0.98 in, 0.29 lbs",8.58,5.67,0.98,0.29,N/A,Computer
"06/26/2025, 03:49 AM PDT","06/26/2025, 06:49 AM EDT","06/26/2025, 05:49 AM CDT","06/26/2025, 03:49 AM PDT","Reese's Chocolate Peanut Butter Creme Nutcrackers Christmas Candy, Bag 9.2 oz",147417054,34000481743,Single,2,Reese's,Grocery,Chocolate Candy,N/A,N/A,N/A,https://i5.walmartimages.com/seo/Reese-s-Chocolate-Peanut-Butter-Creme-Nutcrackers-Christmas-Candy-Bag-9-2-oz_98371b16-7c80-4525-b91e-cdf632fe312c.370821b8d908002110ef9db5487b03d4.jpeg,,N/A,https://www.walmart.com/ip/147417054,6.42,https://www.amazon.com/dp/B096CT65TN,https://www.amazon.com/s?k=Reese's%20Chocolate%20Peanut%20Butter%20Creme%20Nutcrackers%20Christmas%20Candy%2C%20Bag%209.2%20oz,https://www.ebay.com/sch/i.html?_nkw=Reese's%20Chocolate%20Peanut%20Butter%20Creme%20Nutcrackers%20Christmas%20Candy%2C%20Bag%209.2%20oz,https://www.google.com/search?q=Reese's%20Chocolate%20Peanut%20Butter%20Creme%20Nutcrackers%20Christmas%20Candy%2C%20Bag%209.2%20oz,https://seller.walmart.com/catalog/add-items?search=147417054,N/A,no,no,no,2,1,1,9,Digital Media Arts LLC,wfs,$10.99,3,$10.99,$11.99,10.99,6.42,0.04,0.35 %,0.60 %,10.85,5.17,1,$9.99,N/A,$4.53,$3.45,0,$0.88,8.00%,$0.02,1,$0.18,$0.30 /lb,$0.18,$0.00,$0.00,$0.00,$0.00,0,$0.00,,949,"undefined,undefined,undefined","6.97, 4.80, 1.54 in, 0.60 lbs",6.97,4.80,1.54,0.60,N/A,Computer
"06/26/2025, 04:11 AM PDT","06/26/2025, 07:11 AM EDT","06/26/2025, 06:11 AM CDT","06/26/2025, 04:11 AM PDT","Frankford, Kellogg's Rice Krispies Cereal 'N Milk Chocolate Bunny, Easter, 1.6 oz",532959491,41376713439,N/A,N/A,Frankford,Grocery,Chocolate Covered Snacks,N/A,N/A,N/A,https://i5.walmartimages.com/seo/Frankford-Kellogg-s-Rice-Krispies-Cereal-N-Milk-Chocolate-Bunny-Easter-1-6-oz_e7565623-975d-467d-9c39-c394ddac4b37.4376089f23f5750c4392011971a19bee.jpeg,,N/A,https://www.walmart.com/ip/532959491,1.25,https://www.amazon.com/dp/B0CVR2XFDR,https://www.amazon.com/s?k=Frankford%2C%20Kellogg's%20Rice%20Krispies%20Cereal%20'N%20Milk%20Chocolate%20Bunny%2C%20Easter%2C%201.6%20oz,https://www.ebay.com/sch/i.html?_nkw=Frankford%2C%20Kellogg's%20Rice%20Krispies%20Cereal%20'N%20Milk%20Chocolate%20Bunny%2C%20Easter%2C%201.6%20oz,https://www.google.com/search?q=Frankford%2C%20Kellogg's%20Rice%20Krispies%20Cereal%20'N%20Milk%20Chocolate%20Bunny%2C%20Easter%2C%201.6%20oz,https://seller.walmart.com/catalog/add-items?search=532959491,N/A,no,no,no,1,0,1,14,Hamza007LLC,mfn,$6.92,14,$6.92,$6.92,6.92,1.25,0.61,8.77 %,48.55 %,6.20,1.49,1,$6.99,N/A,$5.06,$3.45,0,$0.55,8.00%,$0.01,1,$1.04,$0.30 /lb,$0.04,$0.00,$0.00,$0.00,$0.00,0,$0.00,,19,"undefined,undefined","6.93, 4.72, 1.02 in, 0.15 lbs",6.93,4.72,1.02,0.15,N/A,Computer
"06/26/2025, 04:26 AM PDT","06/26/2025, 07:26 AM EDT","06/26/2025, 06:26 AM CDT","06/26/2025, 04:26 AM PDT",Ring Pop Easter Lollipops - Fun Easter Candy - 3Ct Bag,1854111129,41116263712,1,1,Ring Pop,Grocery,Lollipops & Suckers,N/A,N/A,N/A,https://i5.walmartimages.com/seo/Ring-Pop-Easter-Lollipops-Fun-Easter-Candy-3Ct-Bag_c57bff4a-974b-4563-b8b0-29d37dfb63eb.7b994018e4edfebb52c3570a8a3ff19e.jpeg,,N/A,https://www.walmart.com/ip/1854111129,1.13,https://www.amazon.com/dp/B0C2DST7Z8,https://www.amazon.com/s?k=Ring%20Pop%20Easter%20Lollipops%20-%20Fun%20Easter%20Candy%20-%203Ct%20Bag,https://www.ebay.com/sch/i.html?_nkw=Ring%20Pop%20Easter%20Lollipops%20-%20Fun%20Easter%20Candy%20-%203Ct%20Bag,https://www.google.com/search?q=Ring%20Pop%20Easter%20Lollipops%20-%20Fun%20Easter%20Candy%20-%203Ct%20Bag,https://seller.walmart.com/catalog/add-items?search=1854111129,N/A,no,no,no,2,0,2,13,Smile 'n' Save,mfn,$6.49,4,$6.49,$7.15,6.49,1.13,0.18,2.81 %,16.13 %,6.20,1.05,1,$6.50,N/A,$5.18,$3.45,0,$0.52,8.00%,$0.11,1,$1.10,$0.30 /lb,$0.10,$0.00,$0.00,$0.00,$0.00,0,$0.00,,46,"undefined,undefined","9.84, 5.98, 4.29 in, 0.33 lbs",9.84,5.98,4.29,0.33,N/A,Computer
"06/26/2025, 04:28 AM PDT","06/26/2025, 07:28 AM EDT","06/26/2025, 06:28 AM CDT","06/26/2025, 04:28 AM PDT",Ring Pop Christmas 3 Count Bag - Oversized Candy Jewelry,718784778,41116263613,3,1,Ring Pop,Grocery,Fruit Flavored Candy,N/A,N/A,N/A,https://i5.walmartimages.com/seo/Ring-Pop-Christmas-3-Count-Bag-Oversized-Candy-Jewelry_5d28dd2b-5d2e-40de-a637-e9b51a6a4656.210bee134579dff040eb615103c63e81.jpeg,,N/A,https://www.walmart.com/ip/718784778,1.1,N/A,https://www.amazon.com/s?k=Ring%20Pop%20Christmas%203%20Count%20Bag%20-%20Oversized%20Candy%20Jewelry,https://www.ebay.com/sch/i.html?_nkw=Ring%20Pop%20Christmas%203%20Count%20Bag%20-%20Oversized%20Candy%20Jewelry,https://www.google.com/search?q=Ring%20Pop%20Christmas%203%20Count%20Bag%20-%20Oversized%20Candy%20Jewelry,https://seller.walmart.com/catalog/add-items?search=718784778,N/A,no,no,no,2,1,1,57,Smile 'n' Save,mfn,$6.97,22,$6.97,$7.99,6.97,1.1,0.82,11.74 %,74.40 %,6.00,1.53,1,NA,N/A,$5.05,$3.45,0,$0.56,8.00%,$0.03,1,$1.02,$0.30 /lb,$0.02,$0.00,$0.00,$0.00,$0.00,0,$0.00,,23,undefined,"5.00, 1.50, 8.00 in, 0.06 lbs",5.00,1.50,8.00,0.06,N/A,Computer
"06/26/2025, 11:45 PM PDT","06/27/2025, 02:45 AM EDT","06/27/2025, 01:45 AM CDT","06/26/2025, 11:45 PM PDT",RVW SNKRDDL SINGLE WAFEL ( 12 X 1.16 OZ   ),601584273,856282003754,N/A,N/A,Rip Van,Grocery,Waffles,N/A,N/A,NF2335982,https://i5.walmartimages.com/seo/Rip-Vanilla-Wafels-Wafel-Snickerdoodle-Singl-Case-Of-12-1-16-Oz_923ea31f-a5cd-4e8c-8957-abd6dd1e7847.8a05d08899d063e901fec721593e06b3.jpeg,,N/A,https://www.walmart.com/ip/601584273,19.32,https://www.amazon.com/dp/B07NSTN9JF,https://www.amazon.com/s?k=RVW%20SNKRDDL%20SINGLE%20WAFEL%20(%2012%20X%201.16%20OZ%20%20%20),https://www.ebay.com/sch/i.html?_nkw=RVW%20SNKRDDL%20SINGLE%20WAFEL%20(%2012%20X%201.16%20OZ%20%20%20),https://www.google.com/search?q=RVW%20SNKRDDL%20SINGLE%20WAFEL%20(%2012%20X%201.16%20OZ%20%20%20),https://seller.walmart.com/catalog/add-items?search=601584273,N/A,no,no,no,2,1,1,210,FrutaSips Store,wfs,$29.39,9,$29.39,$32.00,29.39,19.32,0.42,1.44 %,2.19 %,28.80,15.79,1,OOS,N/A,$9.65,$4.95,0,$4.41,15.00%,$0.00,1,$0.29,$0.30 /lb,$0.29,$0.00,$0.00,$0.00,$0.00,0,$0.00,,36,undefined,"1.00, 1.00, 1.00 in, 0.96 lbs",1.00,1.00,1.00,0.96,N/A,Computer
"06/27/2025, 12:01 AM PDT","06/27/2025, 03:01 AM EDT","06/27/2025, 02:01 AM CDT","06/27/2025, 12:01 AM PDT","RITTER SPORT Milk Chocolate Candy Bar with Corn Flakes, 3.5oz Main Contain: Traces of Peanuts, Tree Nuts, Wheat and Egg.",37751504,50255011009,1,1,Ritter Sport,Grocery,Candy Bars & Miniatures,N/A,N/A,SPK-61510,https://i5.walmartimages.com/seo/RITTER-SPORT-Milk-Chocolate-Candy-Bar-with-Corn-Flakes-3-5oz-Main-Contain-Traces-of-Peanuts-Tree-Nuts-Wheat-and-Egg_254ddd0c-d94c-4049-8308-60a5480e4dca.e09800f21101f6de62c26da51a370ee6.jpeg,,N/A,https://www.walmart.com/ip/37751504,3.2,https://www.amazon.com/dp/B000SEJ8BK,https://www.amazon.com/s?k=RITTER%20SPORT%20Milk%20Chocolate%20Candy%20Bar%20with%20Corn%20Flakes%2C%203.5oz%20Main%20Contain%3A%20Traces%20of%20Peanuts%2C%20Tree%20Nuts%2C%20Wheat%20and%20Egg.,https://www.ebay.com/sch/i.html?_nkw=RITTER%20SPORT%20Milk%20Chocolate%20Candy%20Bar%20with%20Corn%20Flakes%2C%203.5oz%20Main%20Contain%3A%20Traces%20of%20Peanuts%2C%20Tree%20Nuts%2C%20Wheat%20and%20Egg.,https://www.google.com/search?q=RITTER%20SPORT%20Milk%20Chocolate%20Candy%20Bar%20with%20Corn%20Flakes%2C%203.5oz%20Main%20Contain%3A%20Traces%20of%20Peanuts%2C%20Tree%20Nuts%2C%20Wheat%20and%20Egg.,https://seller.walmart.com/catalog/add-items?search=37751504,N/A,yes,no,no,3,0,3,34,MM Traders,mfn,$10.98,19,$10.98,$12.50,10.98,3.2,3.37,30.69 %,105.29 %,8.30,5.26,1,$7.52,N/A,$4.41,$3.45,0,$0.88,8.00%,$0.00,1,$0.08,$0.30 /lb,$0.08,$0.00,$0.00,$0.00,$0.00,0,$0.00,,26,"undefined,undefined","4.29, 3.66, 0.63 in, 0.26 lbs",4.29,3.66,0.63,0.26,N/A,Computer
"06/27/2025, 12:21 AM PDT","06/27/2025, 03:21 AM EDT","06/27/2025, 02:21 AM CDT","06/27/2025, 12:21 AM PDT","Ferrero Rocher Premium Gourmet Milk Chocolate Hazelnut, Individually Wrapped Candy for Gifting, 3.5 oz, 8 Count",198383001,9800128013,N/A,N/A,Ferrero Rocher,Grocery,Chocolate Candy,N/A,N/A,N/A,https://i5.walmartimages.com/seo/Ferrero-Rocher-Fine-Hazelnut-Chocolates-8pc-Valentine-s-Day-Clear-Heart-Box-3-5oz-100g-Perfect-for-Gifting-to-That-Special-Someone_ee8642de-0ac7-441b-95f2-3a15e99eb745.1d5b28d773dff32a5e9d03f76a346aa8.jpeg,,N/A,https://www.walmart.com/ip/198383001,7.75,https://www.amazon.com/dp/B003BR7X86,https://www.amazon.com/s?k=Ferrero%20Rocher%20Premium%20Gourmet%20Milk%20Chocolate%20Hazelnut%2C%20Individually%20Wrapped%20Candy%20for%20Gifting%2C%203.5%20oz%2C%208%20Count,https://www.ebay.com/sch/i.html?_nkw=Ferrero%20Rocher%20Premium%20Gourmet%20Milk%20Chocolate%20Hazelnut%2C%20Individually%20Wrapped%20Candy%20for%20Gifting%2C%203.5%20oz%2C%208%20Count,https://www.google.com/search?q=Ferrero%20Rocher%20Premium%20Gourmet%20Milk%20Chocolate%20Hazelnut%2C%20Individually%20Wrapped%20Candy%20for%20Gifting%2C%203.5%20oz%2C%208%20Count,https://seller.walmart.com/catalog/add-items?search=198383001,N/A,no,no,no,1,0,1,7,QUANTUM COMMERCE LLC,mfn,$21.99,7,$21.99,$21.99,21.99,7.75,7.35,33.43 %,94.84 %,12.25,12.08,1,OOS,N/A,$6.89,$3.45,0,$3.30,15.00%,$0.02,1,$0.12,$0.30 /lb,$0.12,$0.00,$0.00,$0.00,$0.00,0,$0.00,,1533,"undefined,undefined","5.59, 5.39, 1.61 in, 0.40 lbs",5.59,5.39,1.61,0.40,N/A,Computer
"06/27/2025, 03:23 AM PDT","06/27/2025, 06:23 AM EDT","06/27/2025, 05:23 AM CDT","06/27/2025, 03:23 AM PDT","Romanoff Black Lumpfish Caviar, 2 oz Box",10321130,70200230002,N/A,N/A,Romanoff Products,Grocery,Caviar & Fish Roe,N/A,N/A,0007020023000,https://i5.walmartimages.com/seo/Romanoff-Black-Lumpfish-Caviar-2-oz-Box_4c7b3ba2-bd70-405e-82ce-524e2dc6984a_1.638e15b79ef44975e04954f82c109096.jpeg,,N/A,https://www.walmart.com/ip/10321130,8.32,https://www.amazon.com/dp/B0012LCUXQ,https://www.amazon.com/s?k=Romanoff%20Black%20Lumpfish%20Caviar%2C%202%20oz%20Box,https://www.ebay.com/sch/i.html?_nkw=Romanoff%20Black%20Lumpfish%20Caviar%2C%202%20oz%20Box,https://www.google.com/search?q=Romanoff%20Black%20Lumpfish%20Caviar%2C%202%20oz%20Box,https://seller.walmart.com/catalog/add-items?search=10321130,N/A,no,no,no,8,5,3,631,Fletho,wfs,$10.80,323,$10.80,$13.83,13.99,8.32,1,7.13 %,12.00 %,12.80,7.45,1,$63.71,N/A,$4.67,$3.45,0,$1.12,8.00%,$0.01,1,$0.09,$0.30 /lb,$0.09,$0.00,$0.00,$0.00,$0.00,0,$0.00,,35,"undefined,undefined","3.39, 2.83, 2.32 in, 0.31 lbs",3.39,2.83,2.32,0.31,N/A,Computer
"06/27/2025, 03:25 AM PDT","06/27/2025, 06:25 AM EDT","06/27/2025, 05:25 AM CDT","06/27/2025, 03:25 AM PDT",Romanoff Caviar Vodka Lumpfish,23746251,70200230071,N/A,N/A,Romanoff Products,Grocery,Caviar & Fish Roe,N/A,N/A,11090,https://i5.walmartimages.com/seo/Romanoff-Caviar-Vodka-Lumpfish_d9116d1a-d4d7-41f0-b769-812e51e230e4.2a532814de8868f57f7d986d2585fb26.jpeg,,N/A,https://www.walmart.com/ip/23746251,8.32,https://www.amazon.com/dp/B00N37RAZK,https://www.amazon.com/s?k=Romanoff%20Caviar%20Vodka%20Lumpfish,https://www.ebay.com/sch/i.html?_nkw=Romanoff%20Caviar%20Vodka%20Lumpfish,https://www.google.com/search?q=Romanoff%20Caviar%20Vodka%20Lumpfish,https://seller.walmart.com/catalog/add-items?search=23746251,N/A,no,no,no,0,0,0,0,N/A,N/A,0,,,Price,14,8.32,1.01,7.23 %,12.16 %,12.80,7.47,1,$9.02,N/A,$4.67,$3.45,0,$1.12,8.00%,$0.01,1,$0.09,$0.30 /lb,$0.09,$0.00,$0.00,$0.00,$0.00,0,$0.00,,6,"undefined,undefined,undefined","2.48, 2.32, 2.09 in, 0.31 lbs",2.48,2.32,2.09,0.31,N/A,Computer
"06/27/2025, 03:55 AM PDT","06/27/2025, 06:55 AM EDT","06/27/2025, 05:55 AM CDT","06/27/2025, 03:55 AM PDT","Rufus Teague Bbq Sauce Whiskey Maple, 16 Oz",103182948,819153010183,N/A,N/A,Rufus Teague,Grocery,Barbecue Sauces,N/A,N/A,1222686,https://i5.walmartimages.com/seo/Rufus-Teague-Bbq-Sauce-Whiskey-Maple-16-Oz_70f2f0b5-cec8-45ce-af07-533b91dc1361.6e3a26541467d04a1e4ba88cf22f6c5d.jpeg,,N/A,https://www.walmart.com/ip/103182948,6.76,https://www.amazon.com/dp/B00D7LP0CM,https://www.amazon.com/s?k=Rufus%20Teague%20Bbq%20Sauce%20Whiskey%20Maple%2C%2016%20Oz,https://www.ebay.com/sch/i.html?_nkw=Rufus%20Teague%20Bbq%20Sauce%20Whiskey%20Maple%2C%2016%20Oz,https://www.google.com/search?q=Rufus%20Teague%20Bbq%20Sauce%20Whiskey%20Maple%2C%2016%20Oz,https://seller.walmart.com/catalog/add-items?search=103182948,N/A,no,no,no,6,2,4,257,Vendtac,wfs,$14.99,4,$14.99,$19.59,14.99,6.76,1.76,11.76 %,26.07 %,13.00,6.82,1,$50.07,N/A,$6.47,$4.95,0,$1.20,8.00%,$0.02,1,$0.30,$0.30 /lb,$0.30,$0.00,$0.00,$0.00,$0.00,0,$0.00,,8,N/A,"1.50, 3.50, 8.00 in, 1.00 lbs",1.50,3.50,8.00,1.00,N/A,Computer
"06/27/2025, 04:11 AM PDT","06/27/2025, 07:11 AM EDT","06/27/2025, 06:11 AM CDT","06/27/2025, 04:11 AM PDT","RUSSELL STOVER Christmas Hot Chocolate Melt-Away Milk Chocolate Santas, 1.7 oz.",848315230,77260060662,Single,2,Russell Stover,Grocery,Chocolate Candy,N/A,N/A,6066,https://i5.walmartimages.com/seo/RUSSELL-STOVER-Christmas-Hot-Chocolate-Melt-Away-Milk-Chocolate-Santas-1-7-oz_9e2574c1-84e2-4b36-8178-52a11d93e976.dd161f86bf8ec522aa924ff0b3de9143.jpeg,,N/A,https://www.walmart.com/ip/848315230,1.67,https://www.amazon.com/dp/B07K7RW374,https://www.amazon.com/s?k=RUSSELL%20STOVER%20Christmas%20Hot%20Chocolate%20Melt-Away%20Milk%20Chocolate%20Santas%2C%201.7%20oz.,https://www.ebay.com/sch/i.html?_nkw=RUSSELL%20STOVER%20Christmas%20Hot%20Chocolate%20Melt-Away%20Milk%20Chocolate%20Santas%2C%201.7%20oz.,https://www.google.com/search?q=RUSSELL%20STOVER%20Christmas%20Hot%20Chocolate%20Melt-Away%20Milk%20Chocolate%20Santas%2C%201.7%20oz.,https://seller.walmart.com/catalog/add-items?search=848315230,N/A,no,no,no,1,0,1,1,Smile 'n' Save,mfn,$6.85,1,$6.85,$6.85,6.85,1.67,0.14,2.08 %,8.55 %,6.60,1.45,1,$3.99,N/A,$5.04,$3.45,0,$0.55,8.00%,$0.01,1,$1.03,$0.30 /lb,$0.03,$0.00,$0.00,$0.00,$0.00,0,$0.00,,82,"undefined,undefined,undefined","5.94, 2.91, 0.83 in, 0.11 lbs",5.94,2.91,0.83,0.11,N/A,Computer
"06/27/2025, 04:13 AM PDT","06/27/2025, 07:13 AM EDT","06/27/2025, 06:13 AM CDT","06/27/2025, 04:13 AM PDT","Russell Stover Sugar Free Sea Salt Caramel in Dark Chocolate, 3 oz",693313014,77260095596,N/A,N/A,Russell Stover,Grocery,Chocolate Candy,N/A,N/A,N/A,https://i5.walmartimages.com/seo/Russell-Stover-Sugar-Free-Sea-Salt-Caramel-in-Dark-Chocolate-3-oz_cff7fdb8-25f3-4cce-b3dc-552047c73174.0f5a1626041f02387b93fe216135bfda.jpeg,,N/A,https://www.walmart.com/ip/693313014,2.95,N/A,https://www.amazon.com/s?k=Russell%20Stover%20Sugar%20Free%20Sea%20Salt%20Caramel%20in%20Dark%20Chocolate%2C%203%20oz,https://www.ebay.com/sch/i.html?_nkw=Russell%20Stover%20Sugar%20Free%20Sea%20Salt%20Caramel%20in%20Dark%20Chocolate%2C%203%20oz,https://www.google.com/search?q=Russell%20Stover%20Sugar%20Free%20Sea%20Salt%20Caramel%20in%20Dark%20Chocolate%2C%203%20oz,https://seller.walmart.com/catalog/add-items?search=693313014,N/A,yes,no,no,1,1,0,12,Cinco Estrellitas,wfs,$12.00,12,$12.00,$12.00,12,2.95,4.57,38.04 %,154.75 %,8.05,6.01,1,NA,N/A,$4.48,$3.45,0,$0.96,8.00%,$0.01,1,$0.06,$0.30 /lb,$0.06,$0.00,$0.00,$0.00,$0.00,0,$0.00,,25,"undefined,undefined","7.99, 5.20, 0.83 in, 0.20 lbs",7.99,5.20,0.83,0.20,N/A,Computer
"06/27/2025, 04:16 AM PDT","06/27/2025, 07:16 AM EDT","06/27/2025, 06:16 AM CDT","06/27/2025, 04:16 AM PDT","Russell Stover Sugar Free Mint Patties with Stevia, 3 oz. Bag",10533776,77260096265,Single,2,Russell Stover,Grocery,Chocolate Candy,N/A,N/A,0007726009626,https://i5.walmartimages.com/seo/Russell-Stover-Sugar-Free-Mint-Patties-with-Stevia-3-oz-Bag_06b4081c-066e-4298-a175-e8ae18b3081e.1659729ed2925ae5e8aec85f1cdaa38f.jpeg,,N/A,https://www.walmart.com/ip/10533776,2.75,https://www.amazon.com/dp/B01N1WCUFO,https://www.amazon.com/s?k=Russell%20Stover%20Sugar%20Free%20Mint%20Patties%20with%20Stevia%2C%203%20oz.%20Bag,https://www.ebay.com/sch/i.html?_nkw=Russell%20Stover%20Sugar%20Free%20Mint%20Patties%20with%20Stevia%2C%203%20oz.%20Bag,https://www.google.com/search?q=Russell%20Stover%20Sugar%20Free%20Mint%20Patties%20with%20Stevia%2C%203%20oz.%20Bag,https://seller.walmart.com/catalog/add-items?search=10533776,N/A,no,no,no,1,0,1,1,Shop Jada's,mfn,$10.95,1,$10.95,$10.95,10.95,2.75,3.78,34.55 %,137.56 %,7.85,5.23,1,$9.97,N/A,$4.42,$3.45,0,$0.88,8.00%,$0.03,1,$0.06,$0.30 /lb,$0.06,$0.00,$0.00,$0.00,$0.00,0,$0.00,,172,"undefined,undefined,undefined","7.28, 5.08, 1.93 in, 0.20 lbs",7.28,5.08,1.93,0.20,N/A,Computer
"06/27/2025, 04:27 AM PDT","06/27/2025, 07:27 AM EDT","06/27/2025, 06:27 AM CDT","06/27/2025, 04:27 AM PDT","RXBAR Protein Bars Gluten-Free, Blueberry, 1.8 oz",155606651,857777004195,N/A,N/A,RXBAR,Health & Personal Care,"Nutrition Bars, Gels & Chews",N/A,N/A,857777004195,https://i5.walmartimages.com/seo/RXBAR-Blueberry-Chewy-Protein-Bars-Gluten-Free-Ready-to-Eat-Protein-Snack-1-8-oz_8e0af88e-0382-4bf5-9b65-a194e0241955.879a1f6a8c45b08881ab5bafa803b34d.jpeg,,N/A,https://www.walmart.com/ip/155606651,2.6,https://www.amazon.com/dp/B0722JGXY8,https://www.amazon.com/s?k=RXBAR%20Protein%20Bars%20Gluten-Free%2C%20Blueberry%2C%201.8%20oz,https://www.ebay.com/sch/i.html?_nkw=RXBAR%20Protein%20Bars%20Gluten-Free%2C%20Blueberry%2C%201.8%20oz,https://www.google.com/search?q=RXBAR%20Protein%20Bars%20Gluten-Free%2C%20Blueberry%2C%201.8%20oz,https://seller.walmart.com/catalog/add-items?search=155606651,N/A,yes,no,no,3,0,3,24,Spangle,mfn,$13.47,4,$12.98,$13.49,12.98,2.6,4.95,38.11 %,190.28 %,7.60,6.04,1,$3.49,N/A,$5.43,$3.45,0,$1.95,15.00%,$0.00,1,$0.03,$0.30 /lb,$0.03,$0.00,$0.00,$0.00,$0.00,0,$0.00,,278,"undefined,undefined","4.76, 2.24, 0.59 in, 0.11 lbs",4.76,2.24,0.59,0.11,N/A,Computer
"06/27/2025, 04:46 AM PDT","06/27/2025, 07:46 AM EDT","06/27/2025, 06:46 AM CDT","06/27/2025, 04:46 AM PDT","Sahale Snacks Valdosta Pecans Glazed Mix, 4 oz",30950953,893869000560,N/A,N/A,Sahale Snacks,Grocery,Trail Mixes,N/A,N/A,893869000560,https://i5.walmartimages.com/seo/Sahale-Snacks-Valdosta-Pecans-Glazed-Mix_1eaf1ee0-e90c-480e-a35e-3e10b744c801.0e4331650716c5c5e9e194f0d0a5ed5c.jpeg,,N/A,https://www.walmart.com/ip/30950953,4.57,https://www.amazon.com/dp/B08LLBHKJT,https://www.amazon.com/s?k=Sahale%20Snacks%20Valdosta%20Pecans%20Glazed%20Mix%2C%204%20oz,https://www.ebay.com/sch/i.html?_nkw=Sahale%20Snacks%20Valdosta%20Pecans%20Glazed%20Mix%2C%204%20oz,https://www.google.com/search?q=Sahale%20Snacks%20Valdosta%20Pecans%20Glazed%20Mix%2C%204%20oz,https://seller.walmart.com/catalog/add-items?search=30950953,N/A,no,no,no,3,0,3,572,Vitozon,mfn,$10.58,29,$10.58,$12.62,10.58,4.57,1.6,15.11 %,34.98 %,9.85,4.93,1,OOS,N/A,$4.41,$3.45,0,$0.85,8.00%,$0.03,1,$0.08,$0.30 /lb,$0.08,$0.00,$0.00,$0.00,$0.00,0,$0.00,,387,"undefined,undefined","8.70, 5.31, 1.69 in, 0.27 lbs",8.70,5.31,1.69,0.27,N/A,Computer
"06/27/2025, 04:47 AM PDT","06/27/2025, 07:47 AM EDT","06/27/2025, 06:47 AM CDT","06/27/2025, 04:47 AM PDT","Sahale Snacks Honey Almonds Glazed Mix, Gluten-Free Snack, 4-Ounce Bag",17352701,893869005084,4 oz,1,Sahale Snacks,Grocery,Edible Nuts,N/A,N/A,0089386900508,https://i5.walmartimages.com/seo/Sahale-Snacks-Honey-Almonds-Glazed-Mix-Gluten-Free-Snack-4-Ounce-Bag_e53a8c22-5ac0-49f2-ad33-4abde16fe33d.bd87f8b3b168ca0984ad2e3569da7983.jpeg,,N/A,https://www.walmart.com/ip/17352701,4.57,https://www.amazon.com/dp/B005GWY45E,https://www.amazon.com/s?k=Sahale%20Snacks%20Honey%20Almonds%20Glazed%20Mix%2C%20Gluten-Free%20Snack%2C%204-Ounce%20Bag,https://www.ebay.com/sch/i.html?_nkw=Sahale%20Snacks%20Honey%20Almonds%20Glazed%20Mix%2C%20Gluten-Free%20Snack%2C%204-Ounce%20Bag,https://www.google.com/search?q=Sahale%20Snacks%20Honey%20Almonds%20Glazed%20Mix%2C%20Gluten-Free%20Snack%2C%204-Ounce%20Bag,https://seller.walmart.com/catalog/add-items?search=17352701,N/A,yes,no,no,5,1,4,190,SJK Enterprises LLC,wfs,$13.47,8,$11.52,$13.47,11.52,4.57,2.47,21.45 %,54.06 %,9.85,5.63,1,OOS,N/A,$4.48,$3.45,0,$0.92,8.00%,$0.03,1,$0.08,$0.30 /lb,$0.08,$0.00,$0.00,$0.00,$0.00,0,$0.00,,715,undefined,"8.54, 5.20, 1.54 in, 0.26 lbs",8.54,5.20,1.54,0.26,N/A,Computer
"06/27/2025, 04:49 AM PDT","06/27/2025, 07:49 AM EDT","06/27/2025, 06:49 AM CDT","06/27/2025, 04:49 AM PDT","Sahale Snacks Naturally Pomegranate Flavored Pistachios Glazed Mix, Gluten-Free Snack, 4-Ounce Pouch",30615193,893869000720,Single,2,Sahale Snacks,Grocery,Trail Mixes,N/A,N/A,1157510,https://i5.walmartimages.com/seo/Sahale-Snacks-Naturally-Pomegranate-Flavored-Pistachios-Glazed-Mix-4-Ounces-Gluten-Free_f97c25a4-b454-4e6d-ad19-f05940e95c4a.87a23b5cbb93b78e1af92456843ad77f.jpeg,,N/A,https://www.walmart.com/ip/30615193,4.57,https://www.amazon.com/dp/B084Q4L6YB,https://www.amazon.com/s?k=Sahale%20Snacks%20Naturally%20Pomegranate%20Flavored%20Pistachios%20Glazed%20Mix%2C%20Gluten-Free%20Snack%2C%204-Ounce%20Pouch,https://www.ebay.com/sch/i.html?_nkw=Sahale%20Snacks%20Naturally%20Pomegranate%20Flavored%20Pistachios%20Glazed%20Mix%2C%20Gluten-Free%20Snack%2C%204-Ounce%20Pouch,https://www.google.com/search?q=Sahale%20Snacks%20Naturally%20Pomegranate%20Flavored%20Pistachios%20Glazed%20Mix%2C%20Gluten-Free%20Snack%2C%204-Ounce%20Pouch,https://seller.walmart.com/catalog/add-items?search=30615193,N/A,no,no,no,9,3,6,1142,Mainwins INC,wfs,$9.99,15,$9.08,$38.70,10,4.57,4.55,45.55 %,99.67 %,6.05,7.30,1,OOS,N/A,$0.88,$0.00,0,$0.80,8.00%,$0.00,1,$0.07,$0.30 /lb,$0.07,$0.00,$0.00,$0.00,$0.00,0,$0.00,,437,"undefined,undefined,undefined","0.00, 0.00, 0.00 in, 0.25 lbs",0.00,0.00,0.00,0.25,N/A,Computer
"06/27/2025, 04:51 AM PDT","06/27/2025, 07:51 AM EDT","06/27/2025, 06:51 AM CDT","06/27/2025, 04:51 AM PDT","Sahale Snacks Cashews Thai, 4 Oz",118073089,893869003912,N/A,N/A,Sahale Snacks,Grocery,Edible Nuts,N/A,N/A,1725696,https://i5.walmartimages.com/seo/Sahale-Snacks-Cashews-Thai-4-Oz_2f495c41-4911-4f87-b1ec-ef5797afc94e.2f6dba628e3f169f989c381ac78e936c.jpeg,,N/A,https://www.walmart.com/ip/118073089,4.57,https://www.amazon.com/dp/B01BOQGQ38,https://www.amazon.com/s?k=Sahale%20Snacks%20Cashews%20Thai%2C%204%20Oz,https://www.ebay.com/sch/i.html?_nkw=Sahale%20Snacks%20Cashews%20Thai%2C%204%20Oz,https://www.google.com/search?q=Sahale%20Snacks%20Cashews%20Thai%2C%204%20Oz,https://seller.walmart.com/catalog/add-items?search=118073089,N/A,no,no,no,2,0,2,9,Maple Hills Market,mfn,$13.53,8,$13.53,$15.22,13.53,4.57,4.31,31.84 %,94.27 %,9.85,7.10,1,OOS,N/A,$4.65,$3.45,0,$1.08,8.00%,$0.04,1,$0.08,$0.30 /lb,$0.08,$0.00,$0.00,$0.00,$0.00,0,$0.00,,234,"undefined,undefined","8.50, 5.28, 1.97 in, 0.27 lbs",8.50,5.28,1.97,0.27,N/A,Computer
"06/27/2025, 04:57 AM PDT","06/27/2025, 07:57 AM EDT","06/27/2025, 06:57 AM CDT","06/27/2025, 04:57 AM PDT","San-J Tamari Gluten Free Soy Sauce Reduced Sodium, 10.0 Fl oz., in a glass bottle",10533661,75810023259,Single,2,San-J,Grocery,Soy Sauces,N/A,N/A,00924,https://i5.walmartimages.com/seo/San-J-Tamari-Gluten-Free-Soy-Sauce-Reduced-Sodium-10-0-Fl-oz-in-a-glass-bottle_a800c94b-4821-40bb-9a2c-1b600118789c.330168f27df8b7f8dca1fe759332e2fa.jpeg,,N/A,https://www.walmart.com/ip/10533661,4.63,https://www.amazon.com/dp/B005GRBJYI,https://www.amazon.com/s?k=San-J%20Tamari%20Gluten%20Free%20Soy%20Sauce%20Reduced%20Sodium%2C%2010.0%20Fl%20oz.%2C%20in%20a%20glass%20bottle,https://www.ebay.com/sch/i.html?_nkw=San-J%20Tamari%20Gluten%20Free%20Soy%20Sauce%20Reduced%20Sodium%2C%2010.0%20Fl%20oz.%2C%20in%20a%20glass%20bottle,https://www.google.com/search?q=San-J%20Tamari%20Gluten%20Free%20Soy%20Sauce%20Reduced%20Sodium%2C%2010.0%20Fl%20oz.%2C%20in%20a%20glass%20bottle,https://seller.walmart.com/catalog/add-items?search=10533661,N/A,no,no,no,8,3,5,228,Snackathon Foods,wfs,$12.68,14,$12.66,$14.45,12.68,4.63,1.69,13.29 %,36.41 %,10.75,5.05,1,OOS,N/A,$6.36,$4.95,0,$1.01,8.00%,$0.02,1,$0.38,$0.30 /lb,$0.38,$0.00,$0.00,$0.00,$0.00,0,$0.00,,52,"undefined,undefined","7.91, 2.17, 2.13 in, 1.28 lbs",7.91,2.17,2.13,1.28,N/A,Computer
"06/28/2025, 12:11 AM PDT","06/28/2025, 03:11 AM EDT","06/28/2025, 02:11 AM CDT","06/28/2025, 12:11 AM PDT",Schär Chocolate Muffin 5 Pack 7.9 oz,5513311241,810757012672,N/A,N/A,Schar,Grocery,English Muffins,N/A,N/A,N/A,https://i5.walmartimages.com/seo/Sch-r-Chocolate-Muffin-5-Pack-7-9-oz_1b36597d-d70b-46f4-8601-cc31674ec4fa.426bda93469c320436b305470aefc6cb.png,,N/A,https://www.walmart.com/ip/5513311241,4.55,https://www.amazon.com/dp/B0D8VYQWCZ,https://www.amazon.com/s?k=Sch%C3%A4r%20Chocolate%20Muffin%205%20Pack%207.9%20oz,https://www.ebay.com/sch/i.html?_nkw=Sch%C3%A4r%20Chocolate%20Muffin%205%20Pack%207.9%20oz,https://www.google.com/search?q=Sch%C3%A4r%20Chocolate%20Muffin%205%20Pack%207.9%20oz,https://seller.walmart.com/catalog/add-items?search=5513311241,N/A,no,no,no,0,0,0,0,N/A,N/A,0,,,Price,15.99,4.55,1.39,8.67 %,30.48 %,13.20,4.75,1,$13.99,N/A,$10.05,$6.55,0,$2.40,15.00%,$0.34,1,$0.77,$0.30 /lb,$0.77,$0.00,$0.00,$0.00,$0.00,0,$0.00,,56,"undefined,undefined","15.67, 8.43, 5.87 in, 2.56 lbs",15.67,8.43,5.87,2.56,N/A,Computer
"06/28/2025, 12:14 AM PDT","06/28/2025, 03:14 AM EDT","06/28/2025, 02:14 AM CDT","06/28/2025, 12:14 AM PDT","Schar Gluten Free Snickerdoodle Soft Baked Cookies, Gluten Free Cookies, 7.4 oz",5080938264,810757012535,Single,2,Schar,Grocery,Cookies,N/A,N/A,N/A,https://i5.walmartimages.com/seo/Schar-Gluten-Free-Snickerdoodle-Soft-Baked-Cookies-Gluten-Free-Cookies-7-4-oz_8ca3e26a-844d-4939-91b4-b3f34f991d37.60f084bfe1617277019d5c156a6c4398.png,,N/A,https://www.walmart.com/ip/5080938264,4.62,https://www.amazon.com/dp/B0D827JXNL,https://www.amazon.com/s?k=Schar%20Gluten%20Free%20Snickerdoodle%20Soft%20Baked%20Cookies%2C%20Gluten%20Free%20Cookies%2C%207.4%20oz,https://www.ebay.com/sch/i.html?_nkw=Schar%20Gluten%20Free%20Snickerdoodle%20Soft%20Baked%20Cookies%2C%20Gluten%20Free%20Cookies%2C%207.4%20oz,https://www.google.com/search?q=Schar%20Gluten%20Free%20Snickerdoodle%20Soft%20Baked%20Cookies%2C%20Gluten%20Free%20Cookies%2C%207.4%20oz,https://seller.walmart.com/catalog/add-items?search=5080938264,N/A,no,no,no,1,0,1,974,Online Grocery Outlet,mfn,$10.99,974,$10.99,$10.99,10.99,4.62,1.86,16.92 %,40.26 %,9.95,5.18,1,$8.73,N/A,$4.51,$3.45,0,$0.88,8.00%,$0.02,1,$0.16,$0.30 /lb,$0.16,$0.00,$0.00,$0.00,$0.00,0,$0.00,,31,"undefined,undefined,undefined","6.69, 4.33, 1.73 in, 0.53 lbs",6.69,4.33,1.73,0.53,N/A,Computer
"06/28/2025, 12:21 AM PDT","06/28/2025, 03:21 AM EDT","06/28/2025, 02:21 AM CDT","06/28/2025, 12:21 AM PDT","Schär Artisan Style Multi Grain Ciabatta, 4 Ct, 7 oz",136515068,810757010388,Single,1,Schar,Grocery,Breads & Buns,N/A,N/A,1098847,https://i5.walmartimages.com/seo/Sch-r-Artisan-Style-Multi-Grain-Ciabatta-4-Ct-7-oz_d244eb70-0ad2-407a-92ce-82eff5343552.3f093705607d1c4e752dad25c124bd28.jpeg,,N/A,https://www.walmart.com/ip/136515068,5.19,https://www.amazon.com/dp/B00FJIUMME,https://www.amazon.com/s?k=Sch%C3%A4r%20Artisan%20Style%20Multi%20Grain%20Ciabatta%2C%204%20Ct%2C%207%20oz,https://www.ebay.com/sch/i.html?_nkw=Sch%C3%A4r%20Artisan%20Style%20Multi%20Grain%20Ciabatta%2C%204%20Ct%2C%207%20oz,https://www.google.com/search?q=Sch%C3%A4r%20Artisan%20Style%20Multi%20Grain%20Ciabatta%2C%204%20Ct%2C%207%20oz,https://seller.walmart.com/catalog/add-items?search=136515068,N/A,no,no,no,1,0,1,9994,Online Grocery Outlet,mfn,$15.24,9994,$15.24,$15.24,15.24,5.19,4.11,26.99 %,79.24 %,0.00,7.44,1,$27.73,N/A,$5.94,$3.45,0,$2.29,15.00%,$0.05,1,$0.15,$0.30 /lb,$0.15,$0.00,$0.00,$0.00,$0.00,0,$0.00,,217,"undefined,undefined","6.93, 4.72, 3.82 in, 0.49 lbs",6.93,4.72,3.82,0.49,N/A,Computer
"06/28/2025, 12:26 AM PDT","06/28/2025, 03:26 AM EDT","06/28/2025, 02:26 AM CDT","06/28/2025, 12:26 AM PDT",Schar - Gluten Free Honeygrams Crackers Chocolate - 6.7 oz.,575028750,810757011583,N/A,N/A,Schar,Grocery,Snack Crackers,Schar,N/A,N/A,https://i5.walmartimages.com/seo/Sch-r-Gluten-Free-Chocolate-Honeygrams-Case-Of-6-6-7-Oz_a76a2700-4249-4c4d-b515-efb08125ef6c.2f706fa14e7cffccd18d59e286357634.jpeg,,N/A,https://www.walmart.com/ip/575028750,3.55,https://www.amazon.com/dp/B07C9S83DB,https://www.amazon.com/s?k=Schar%20-%20Gluten%20Free%20Honeygrams%20Crackers%20Chocolate%20-%206.7%20oz.,https://www.ebay.com/sch/i.html?_nkw=Schar%20-%20Gluten%20Free%20Honeygrams%20Crackers%20Chocolate%20-%206.7%20oz.,https://www.google.com/search?q=Schar%20-%20Gluten%20Free%20Honeygrams%20Crackers%20Chocolate%20-%206.7%20oz.,https://seller.walmart.com/catalog/add-items?search=575028750,N/A,no,no,no,0,0,0,0,N/A,N/A,0,,,Price,9.43,3.55,0.52,5.55 %,14.73 %,8.80,3.26,1,$9.03,N/A,$5.36,$3.45,0,$0.75,8.00%,$0.01,1,$1.14,$0.30 /lb,$0.14,$0.00,$0.00,$0.00,$0.00,0,$0.00,,142,"undefined,undefined","7.76, 2.64, 1.65 in, 0.46 lbs",7.76,2.64,1.65,0.46,N/A,Computer
"06/28/2025, 12:29 AM PDT","06/28/2025, 03:29 AM EDT","06/28/2025, 02:29 AM CDT","06/28/2025, 12:29 AM PDT","Schar Gluten Free Hot Dog Rolls, 8 Oz",139097286,810757010494,N/A,N/A,Schar,Grocery,Breads & Buns,N/A,N/A,1230655,https://i5.walmartimages.com/seo/Schar-Gluten-Free-Hot-Dog-Rolls-8-Oz_9a6df862-439d-467c-bd31-30c70f9e3a99.d3d96593ba4c9a9ad33739991526c905.jpeg,,N/A,https://www.walmart.com/ip/139097286,24.72,https://www.amazon.com/dp/B00EZ429UG,https://www.amazon.com/s?k=Schar%20Gluten%20Free%20Hot%20Dog%20Rolls%2C%208%20Oz,https://www.ebay.com/sch/i.html?_nkw=Schar%20Gluten%20Free%20Hot%20Dog%20Rolls%2C%208%20Oz,https://www.google.com/search?q=Schar%20Gluten%20Free%20Hot%20Dog%20Rolls%2C%208%20Oz,https://seller.walmart.com/catalog/add-items?search=139097286,N/A,no,no,no,2,0,2,10044,Driftless Ramblings LLC,mfn,$51.53,45,$51.53,$90.24,51.53,24.72,15.38,29.85 %,62.23 %,33.35,32.08,1,OOS,N/A,$11.43,$3.45,0,$7.73,15.00%,$0.07,1,$0.18,$0.30 /lb,$0.18,$0.00,$0.00,$0.00,$0.00,0,$0.00,,261,"undefined,undefined","7.68, 5.00, 4.06 in, 0.60 lbs",7.68,5.00,4.06,0.60,N/A,Computer
"06/28/2025, 12:34 AM PDT","06/28/2025, 03:34 AM EDT","06/28/2025, 02:34 AM CDT","06/28/2025, 12:34 AM PDT","Schar Gluten-Free Rosemary Table Crackers with Sea Salt, 1.2 oz",672146275,810757012030,Single,3,Schar,Grocery,Snack Crackers,"Dr. Schar USA, Inc.",N/A,N/A,https://i5.walmartimages.com/seo/Schar-Gluten-Free-Rosemary-Table-Crackers-with-Sea-Salt-1-2-oz_781ffed0-637c-4163-a6cd-93c88cc07bfc.d9a0fb1b9c1a9155e2b444b40d91481f.jpeg,,N/A,https://www.walmart.com/ip/672146275,5.5,https://www.amazon.com/dp/B07V8GNML9,https://www.amazon.com/s?k=Schar%20Gluten-Free%20Rosemary%20Table%20Crackers%20with%20Sea%20Salt%2C%201.2%20oz,https://www.ebay.com/sch/i.html?_nkw=Schar%20Gluten-Free%20Rosemary%20Table%20Crackers%20with%20Sea%20Salt%2C%201.2%20oz,https://www.google.com/search?q=Schar%20Gluten-Free%20Rosemary%20Table%20Crackers%20with%20Sea%20Salt%2C%201.2%20oz,https://seller.walmart.com/catalog/add-items?search=672146275,N/A,yes,no,no,2,0,2,15,Spangle,mfn,$16.39,8,$16.39,$17.00,16.39,5.5,0.64,3.88 %,11.57 %,14.35,4.91,1,$40.07,N/A,$10.25,$6.55,0,$2.46,15.00%,$0.33,1,$0.91,$0.30 /lb,$0.91,$0.00,$0.00,$0.00,$0.00,0,$0.00,,92,"undefined,undefined,undefined","15.63, 8.66, 5.67 in, 3.04 lbs",15.63,8.66,5.67,3.04,N/A,Computer
"06/28/2025, 02:56 AM PDT","06/28/2025, 05:56 AM EDT","06/28/2025, 04:56 AM CDT","06/28/2025, 02:56 AM PDT","Seapoint Farms Dry Roasted Edamame, Wasabi, 3.5 Ounce Pouches",25526525,711575102104,N/A,N/A,Seapoint Farms,Grocery,Wasabi,N/A,SFM10210,SFM10210,https://i5.walmartimages.com/seo/Seapoint-Farms-Dry-Roasted-Edamame-Wasabi-3-5-Ounce-Pouches_2bc6061f-44cc-46e5-a63b-bb5b6e046936.c08fd306aad0bbd37cc523e02b74259a.jpeg,,N/A,https://www.walmart.com/ip/25526525,2.56,https://www.amazon.com/dp/B005GXH5W2,https://www.amazon.com/s?k=Seapoint%20Farms%20Dry%20Roasted%20Edamame%2C%20Wasabi%2C%203.5%20Ounce%20Pouches,https://www.ebay.com/sch/i.html?_nkw=Seapoint%20Farms%20Dry%20Roasted%20Edamame%2C%20Wasabi%2C%203.5%20Ounce%20Pouches,https://www.google.com/search?q=Seapoint%20Farms%20Dry%20Roasted%20Edamame%2C%20Wasabi%2C%203.5%20Ounce%20Pouches,https://seller.walmart.com/catalog/add-items?search=25526525,N/A,no,no,no,3,1,2,22,Snackathon Foods,wfs,$8.08,15,$8.08,$9.98,8.08,2.56,0.32,3.93 %,12.40 %,7.65,2.30,1,$39.99,N/A,$5.20,$3.45,0,$0.65,8.00%,$0.03,1,$1.07,$0.30 /lb,$0.07,$0.00,$0.00,$0.00,$0.00,0,$0.00,,2,"undefined,undefined","8.50, 5.00, 1.69 in, 0.25 lbs",8.50,5.00,1.69,0.25,N/A,Computer
"06/28/2025, 03:00 AM PDT","06/28/2025, 06:00 AM EDT","06/28/2025, 05:00 AM CDT","06/28/2025, 03:00 AM PDT","Sensible Portions Garden Veggie Wavy Chips, Sea Salt, 1 oz (24 Count)",154831161,829515300593,N/A,N/A,Sensible Portions,Grocery,Snack Chips,The Hain Celestial Group,N/A,HG30059,https://i5.walmartimages.com/seo/Sensible-Portions-Garden-Veggie-Wavy-Chips-Sea-Salt-1-oz-24-Count_cebd6d14-e6b6-40c4-9060-131a185bf832.b4120782675a755a451863ccbd5714f6.jpeg,,N/A,https://www.walmart.com/ip/154831161,29.76,https://www.amazon.com/dp/B012W34SQY,https://www.amazon.com/s?k=Sensible%20Portions%20Garden%20Veggie%20Wavy%20Chips%2C%20Sea%20Salt%2C%201%20oz%20(24%20Count),https://www.ebay.com/sch/i.html?_nkw=Sensible%20Portions%20Garden%20Veggie%20Wavy%20Chips%2C%20Sea%20Salt%2C%201%20oz%20(24%20Count),https://www.google.com/search?q=Sensible%20Portions%20Garden%20Veggie%20Wavy%20Chips%2C%20Sea%20Salt%2C%201%20oz%20(24%20Count),https://seller.walmart.com/catalog/add-items?search=154831161,N/A,yes,no,no,1,0,1,5,Hidden Path Trading Co LLC,mfn,$56.83,5,$56.83,$56.83,56.83,29.76,15.02,26.43 %,50.48 %,39.05,35.83,1,OOS,N/A,$12.05,$3.45,0,$8.52,15.00%,$0.04,1,$0.03,$0.30 /lb,$0.03,$0.00,$0.00,$0.00,$0.00,0,$0.00,,149,"undefined,undefined","7.80, 5.51, 2.28 in, 0.10 lbs",7.80,5.51,2.28,0.10,N/A,Computer
"06/28/2025, 03:06 AM PDT","06/28/2025, 06:06 AM EDT","06/28/2025, 05:06 AM CDT","06/28/2025, 03:06 AM PDT","Sensible Portions: Garden Veggie Chips Sea Salt, 5 Oz",34264931,829515301460,N/A,N/A,Sensible Portions,Grocery,Snack Chips,Sensible Portions,N/A,00074028,https://i5.walmartimages.com/seo/Sensible-Portions-Garden-Veggie-Chips-Sea-Salt-5-Oz_a1b95df5-c046-4874-b03c-2b04fd1cfe1c.30070ae0509d96798cb343cc5c16cb38.jpeg,,N/A,https://www.walmart.com/ip/34264931,3.64,https://www.amazon.com/dp/B00M8AOZNS,https://www.amazon.com/s?k=Sensible%20Portions%3A%20Garden%20Veggie%20Chips%20Sea%20Salt%2C%205%20Oz,https://www.ebay.com/sch/i.html?_nkw=Sensible%20Portions%3A%20Garden%20Veggie%20Chips%20Sea%20Salt%2C%205%20Oz,https://www.google.com/search?q=Sensible%20Portions%3A%20Garden%20Veggie%20Chips%20Sea%20Salt%2C%205%20Oz,https://seller.walmart.com/catalog/add-items?search=34264931,N/A,no,no,no,6,0,6,81,"CUBAHAMA, LLC",mfn,$13.00,4,$13.00,$64.86,13,3.64,4.66,35.84 %,127.99 %,8.95,6.64,1,OOS,N/A,$4.70,$3.45,0,$1.04,8.00%,$0.11,1,$0.10,$0.30 /lb,$0.10,$0.00,$0.00,$0.00,$0.00,0,$0.00,,148,undefined,"10.98, 7.99, 2.95 in, 0.33 lbs",10.98,7.99,2.95,0.33,N/A,Computer
"06/28/2025, 03:41 AM PDT","06/28/2025, 06:41 AM EDT","06/28/2025, 05:41 AM CDT","06/28/2025, 03:41 AM PDT","Sheila G'S Chocolate Chip Brownie Brittle, 5 oz",44535148,711747012248,N/A,N/A,Sheila G's,Grocery,Candy Brittle,N/A,N/A,01224,https://i5.walmartimages.com/seo/Sheila-G-S-Chocolate-Chip-Brownie-Brittle-5-oz_58a20293-7a01-4e22-9490-5491e89bdcd0.d8813d2d044d7f948cdb90bf5c8fb067.jpeg,,N/A,https://www.walmart.com/ip/44535148,3.24,https://www.amazon.com/dp/B01B177KD0,https://www.amazon.com/s?k=Sheila%20G'S%20Chocolate%20Chip%20Brownie%20Brittle%2C%205%20oz,https://www.ebay.com/sch/i.html?_nkw=Sheila%20G'S%20Chocolate%20Chip%20Brownie%20Brittle%2C%205%20oz,https://www.google.com/search?q=Sheila%20G'S%20Chocolate%20Chip%20Brownie%20Brittle%2C%205%20oz,https://seller.walmart.com/catalog/add-items?search=44535148,"undefined,undefined",no,no,no,7,2,5,345,iHerb,mfn,$9.51,317,$9.51,$16.98,9.51,3.24,0.9,9.49 %,27.85 %,8.45,3.31,1,$4.68,N/A,$5.37,$3.45,0,$0.76,8.00%,$0.06,1,$1.10,$0.30 /lb,$0.10,$0.00,$0.00,$0.00,$0.00,0,$0.00,,120,undefined,"8.86, 6.93, 2.17 in, 0.33 lbs",8.86,6.93,2.17,0.33,N/A,Computer
"06/28/2025, 03:43 AM PDT","06/28/2025, 06:43 AM EDT","06/28/2025, 05:43 AM CDT","06/28/2025, 03:43 AM PDT","Sheila G's Brownie Brittle®, Dark Chocolate Sea Salt, 5 oz (142 g)",508951466,711747012255,Single,1,Sheila G's,Grocery,Candy Brittle,N/A,N/A,SG1225,https://i5.walmartimages.com/seo/Sheila-G-s-Brownie-Brittle-Dark-Chocolate-Sea-Salt-Cookie-Snack-Thins-5oz_5006f549-4922-4238-8b56-b6586bbbcd17_1.419e05395f88d6b332c9df786dd172aa.jpeg,,N/A,https://www.walmart.com/ip/508951466,3.24,https://www.amazon.com/dp/B01M0M25QN,https://www.amazon.com/s?k=Sheila%20G's%20Brownie%20Brittle%C2%AE%2C%20Dark%20Chocolate%20Sea%20Salt%2C%205%20oz%20(142%20g),https://www.ebay.com/sch/i.html?_nkw=Sheila%20G's%20Brownie%20Brittle%C2%AE%2C%20Dark%20Chocolate%20Sea%20Salt%2C%205%20oz%20(142%20g),https://www.google.com/search?q=Sheila%20G's%20Brownie%20Brittle%C2%AE%2C%20Dark%20Chocolate%20Sea%20Salt%2C%205%20oz%20(142%20g),https://seller.walmart.com/catalog/add-items?search=508951466,N/A,no,no,no,3,1,2,197,Fletho,wfs,$10.00,85,$9.51,$12.06,10,3.24,2.36,23.57 %,72.74 %,8.45,4.48,1,$7.54,N/A,$4.40,$3.45,0,$0.80,8.00%,$0.05,1,$0.10,$0.30 /lb,$0.10,$0.00,$0.00,$0.00,$0.00,0,$0.00,,643,"undefined,undefined","8.74, 6.85, 2.09 in, 0.33 lbs",8.74,6.85,2.09,0.33,N/A,Computer
"06/28/2025, 03:48 AM PDT","06/28/2025, 06:48 AM EDT","06/28/2025, 05:48 AM CDT","06/28/2025, 03:48 AM PDT",Sheila Gs M and M's Minis Brownie Brittle 4 oz Bagged,2647963880,711747012866,N/A,N/A,Sheila G's,Grocery,Candy Brittle,N/A,N/A,6065513,https://i5.walmartimages.com/seo/Sheila-Gs-M-and-M-s-Minis-Brownie-Brittle-4-oz-Bagged_b5a260af-162b-4d2f-a91a-d61272e9e512.3d78bf71cb57b3e23a5e30bea1641e0f.jpeg,,N/A,https://www.walmart.com/ip/2647963880,3.24,https://www.amazon.com/dp/B0BQ7J6G4Q,https://www.amazon.com/s?k=Sheila%20Gs%20M%20and%20M's%20Minis%20Brownie%20Brittle%204%20oz%20Bagged,https://www.ebay.com/sch/i.html?_nkw=Sheila%20Gs%20M%20and%20M's%20Minis%20Brownie%20Brittle%204%20oz%20Bagged,https://www.google.com/search?q=Sheila%20Gs%20M%20and%20M's%20Minis%20Brownie%20Brittle%204%20oz%20Bagged,https://seller.walmart.com/catalog/add-items?search=2647963880,N/A,no,no,no,2,1,1,10,SJK Enterprises LLC,wfs,$12.07,6,$12.07,$12.85,12.07,3.24,0.44,3.65 %,13.61 %,11.50,2.94,1,$19.99,N/A,$8.39,$6.55,0,$0.97,8.00%,$0.29,1,$0.58,$0.30 /lb,$0.58,$0.00,$0.00,$0.00,$0.00,0,$0.00,,6,"undefined,undefined","11.85, 8.66, 6.54 in, 1.94 lbs",11.85,8.66,6.54,1.94,N/A,Computer
"06/28/2025, 03:50 AM PDT","06/28/2025, 06:50 AM EDT","06/28/2025, 05:50 AM CDT","06/28/2025, 03:50 AM PDT","Sheila G's Kosher Chocolate Chip Brownie Brittle, 1 Oz, 6 Pieces Box",189086375,711747016222,N/A,N/A,Sheila G's,Grocery,Candy Brittle,N/A,N/A,SG1622,https://i5.walmartimages.com/seo/Sheila-G-s-Kosher-Chocolate-Chip-Brownie-Brittle-1-Oz-6-Pieces-Box_8316b033-960f-4fe5-9c0b-34d18f5a218b.094ff9de48b2a8157fb149f3eaa6026f.jpeg,,N/A,https://www.walmart.com/ip/189086375,4.11,https://www.amazon.com/dp/B07QSKZD6T,https://www.amazon.com/s?k=Sheila%20G's%20Kosher%20Chocolate%20Chip%20Brownie%20Brittle%2C%201%20Oz%2C%206%20Pieces%20Box,https://www.ebay.com/sch/i.html?_nkw=Sheila%20G's%20Kosher%20Chocolate%20Chip%20Brownie%20Brittle%2C%201%20Oz%2C%206%20Pieces%20Box,https://www.google.com/search?q=Sheila%20G's%20Kosher%20Chocolate%20Chip%20Brownie%20Brittle%2C%201%20Oz%2C%206%20Pieces%20Box,https://seller.walmart.com/catalog/add-items?search=189086375,N/A,no,no,no,3,0,3,40,UnbeatableSale Local,mfn,$17.37,10,$17.37,$25.99,17.37,4.11,6.99,40.25 %,170.09 %,9.45,8.88,1,OOS,N/A,$6.27,$3.45,0,$2.61,15.00%,$0.06,1,$0.16,$0.30 /lb,$0.16,$0.00,$0.00,$0.00,$0.00,0,$0.00,,56,"undefined,undefined","7.99, 5.71, 2.91 in, 0.52 lbs",7.99,5.71,2.91,0.52,N/A,Computer
"06/28/2025, 03:54 AM PDT","06/28/2025, 06:54 AM EDT","06/28/2025, 05:54 AM CDT","06/28/2025, 03:54 AM PDT","Sherwood DANISH DELIGHTS Butter Cookies, In a Nice Gifting Tin, box (340g).",923544755,858218006228,N/A,N/A,Sherwood,Grocery,Cookies,N/A,N/A,622,https://i5.walmartimages.com/seo/Sherwood-DANISH-DELIGHTS-Butter-Cookies-In-a-Nice-Gifting-Tin-box-340g_672c0ed5-bfd8-49ab-b4f4-68114e6f5274.d1c1cd1769a72ec562708f296264a2e4.jpeg,,N/A,https://www.walmart.com/ip/923544755,5.39,N/A,https://www.amazon.com/s?k=Sherwood%20DANISH%20DELIGHTS%20Butter%20Cookies%2C%20In%20a%20Nice%20Gifting%20Tin%2C%20box%20(340g).,https://www.ebay.com/sch/i.html?_nkw=Sherwood%20DANISH%20DELIGHTS%20Butter%20Cookies%2C%20In%20a%20Nice%20Gifting%20Tin%2C%20box%20(340g).,https://www.google.com/search?q=Sherwood%20DANISH%20DELIGHTS%20Butter%20Cookies%2C%20In%20a%20Nice%20Gifting%20Tin%2C%20box%20(340g).,https://seller.walmart.com/catalog/add-items?search=923544755,N/A,no,no,no,0,0,0,0,N/A,N/A,0,,,Price,12.99,5.39,1.23,9.46 %,22.81 %,11.55,5.30,1,NA,N/A,$6.37,$4.95,0,$1.04,8.00%,$0.05,1,$0.33,$0.30 /lb,$0.33,$0.00,$0.00,$0.00,$0.00,0,$0.00,,18,"undefined,undefined","7.60, 7.60, 2.05 in, 1.10 lbs",7.60,7.60,2.05,1.10,N/A,Computer
"06/28/2025, 04:01 AM PDT","06/28/2025, 07:01 AM EDT","06/28/2025, 06:01 AM CDT","06/28/2025, 04:01 AM PDT",Sierra Soups Sizzling Black Bean Chili,190544261,764665001016,N/A,N/A,Sierra Soups,Grocery,Single Herbs & Spices,N/A,N/A,101,https://i5.walmartimages.com/seo/Sierra-Soups-Sizzling-Black-Bean-Chili_098e9c4a-9502-4e24-bae3-6a90bdad252a.fb0570042f03a07eeebd03eaeae0f75a.jpeg,,N/A,https://www.walmart.com/ip/190544261,3.63,https://www.amazon.com/dp/B003RRBVGK,https://www.amazon.com/s?k=Sierra%20Soups%20Sizzling%20Black%20Bean%20Chili,https://www.ebay.com/sch/i.html?_nkw=Sierra%20Soups%20Sizzling%20Black%20Bean%20Chili,https://www.google.com/search?q=Sierra%20Soups%20Sizzling%20Black%20Bean%20Chili,https://seller.walmart.com/catalog/add-items?search=190544261,N/A,no,no,yes,1,0,0,10000000,Walmart.com,wmt,$22.00,10000000,$22.00,$22.00,22,3.63,5.95,27.02 %,163.78 %,13.80,7.66,1,$33.00,N/A,$12.42,$6.95,0,$3.30,15.00%,$0.15,1,$2.02,$0.30 /lb,$2.02,$0.00,$0.00,$0.00,$0.00,0,$0.00,,0,"undefined,undefined,undefined","9.29, 9.09, 4.09 in, 6.75 lbs",9.29,9.09,4.09,6.75,N/A,Computer
"06/28/2025, 04:08 AM PDT","06/28/2025, 07:08 AM EDT","06/28/2025, 06:08 AM CDT","06/28/2025, 04:08 AM PDT",Sierra Soups Tuscan Peasant Soup,129708899,764665001177,N/A,N/A,Sierra Soups,Grocery,Prepared & Packaged Soups,N/A,117,117,https://i5.walmartimages.com/seo/Sierra-Soups-Tuscan-Peasant-Soup_8fce9bbc-872f-4029-b453-d862da8c86bf.ba22aee358588ce5984b356984ec3ccd.jpeg,,N/A,https://www.walmart.com/ip/129708899,3.63,https://www.amazon.com/dp/B00IB105QE,https://www.amazon.com/s?k=Sierra%20Soups%20Tuscan%20Peasant%20Soup,https://www.ebay.com/sch/i.html?_nkw=Sierra%20Soups%20Tuscan%20Peasant%20Soup,https://www.google.com/search?q=Sierra%20Soups%20Tuscan%20Peasant%20Soup,https://seller.walmart.com/catalog/add-items?search=129708899,N/A,no,no,yes,1,0,0,10000000,Walmart.com,wmt,$19.07,10000000,$19.07,$19.07,19.07,3.63,5.75,30.17 %,158.49 %,11.30,7.51,1,$22.00,N/A,$9.69,$5.75,0,$2.86,15.00%,$0.07,1,$1.00,$0.30 /lb,$1.00,$0.00,$0.00,$0.00,$0.00,0,$0.00,,0,"undefined,undefined,undefined","7.72, 6.42, 3.31 in, 3.35 lbs",7.72,6.42,3.31,3.35,N/A,Computer
"06/28/2025, 04:15 AM PDT","06/28/2025, 07:15 AM EDT","06/28/2025, 06:15 AM CDT","06/28/2025, 04:15 AM PDT","Solely Organic Pineapple Fruit Jerky - Organic Fruit Snack, Fruit Bar Made From Dried Fruit - Healthy Snacks, Vegan - 0.8 oz, 1 Piece",599578887,856261006134,Single,2,Solely,Grocery,Fruit Leathers,N/A,N/A,N/A,https://i5.walmartimages.com/seo/Solely-Organic-Pineapple-Fruit-Jerky-Organic-Fruit-Snack-Fruit-Bar-Made-From-Dried-Fruit-Healthy-Snacks-Vegan-0-8-oz-1-Piece_5dd07b42-0744-4414-8e6a-383fd52dca27.78639da1f7773f56f59ae7bd465665a2.jpeg,,N/A,https://www.walmart.com/ip/599578887,1.35,https://www.amazon.com/dp/B07NQGYYX7,https://www.amazon.com/s?k=Solely%20Organic%20Pineapple%20Fruit%20Jerky%20-%20Organic%20Fruit%20Snack%2C%20Fruit%20Bar%20Made%20From%20Dried%20Fruit%20-%20Healthy%20Snacks%2C%20Vegan%20-%200.8%20oz%2C%201%20Piece,https://www.ebay.com/sch/i.html?_nkw=Solely%20Organic%20Pineapple%20Fruit%20Jerky%20-%20Organic%20Fruit%20Snack%2C%20Fruit%20Bar%20Made%20From%20Dried%20Fruit%20-%20Healthy%20Snacks%2C%20Vegan%20-%200.8%20oz%2C%201%20Piece,https://www.google.com/search?q=Solely%20Organic%20Pineapple%20Fruit%20Jerky%20-%20Organic%20Fruit%20Snack%2C%20Fruit%20Bar%20Made%20From%20Dried%20Fruit%20-%20Healthy%20Snacks%2C%20Vegan%20-%200.8%20oz%2C%201%20Piece,https://seller.walmart.com/catalog/add-items?search=599578887,N/A,no,no,no,1,0,1,61,Ramay Goods LLC,mfn,$6.58,61,$6.58,$6.58,6.58,1.35,0.23,3.50 %,17.07 %,6.25,1.26,1,OOS,N/A,$5.00,$3.45,0,$0.53,8.00%,$0.01,1,$1.02,$0.30 /lb,$0.02,$0.00,$0.00,$0.00,$0.00,0,$0.00,,56,"undefined,undefined,undefined","7.99, 4.25, 0.35 in, 0.06 lbs",7.99,4.25,0.35,0.06,N/A,Computer
"06/28/2025, 04:26 AM PDT","06/28/2025, 07:26 AM EDT","06/28/2025, 06:26 AM CDT","06/28/2025, 04:26 AM PDT",SkinnyPop Popcorn Real Butter 4.4oz,580182796,816925020661,N/A,N/A,SkinnyPop,Grocery,Popcorns,N/A,N/A,SkinnyPop,https://i5.walmartimages.com/seo/SkinnyPop-Popcorn-Real-Butter-4-4oz_363e2437-e536-4004-bec2-b66fe3ead634.2d907c1601c166f5cd20856876c8f9f9.png,,N/A,https://www.walmart.com/ip/580182796,3.85,https://www.amazon.com/dp/B07T8J9TPV,https://www.amazon.com/s?k=SkinnyPop%20Popcorn%20Real%20Butter%204.4oz,https://www.ebay.com/sch/i.html?_nkw=SkinnyPop%20Popcorn%20Real%20Butter%204.4oz,https://www.google.com/search?q=SkinnyPop%20Popcorn%20Real%20Butter%204.4oz,https://seller.walmart.com/catalog/add-items?search=580182796,N/A,yes,no,no,3,0,3,111,Fummaa Mart,mfn,$10.68,5,$10.68,$11.94,10.68,3.85,2.25,21.06 %,58.42 %,9.25,4.88,1,$3.49,N/A,$4.58,$3.45,0,$0.85,8.00%,$0.19,1,$0.09,$0.30 /lb,$0.09,$0.00,$0.00,$0.00,$0.00,0,$0.00,,130,"undefined,undefined","13.15, 8.78, 3.78 in, 0.29 lbs",13.15,8.78,3.78,0.29,N/A,Computer
"06/28/2025, 04:27 AM PDT","06/28/2025, 07:27 AM EDT","06/28/2025, 06:27 AM CDT","06/28/2025, 04:27 AM PDT","SkinnyPop and Pirate's Booty Variety Pack, 14 Ct Snack Bags",236571111,816925021576,N/A,N/A,SkinnyPop,Grocery,Popcorns,N/A,N/A,NF2537462,https://i5.walmartimages.com/seo/SkinnyPop-and-Pirate-s-Booty-Variety-Pack-14-Ct-Snack-Bags_9021c653-f893-4e6a-8ab6-b7ba60b23008.8d5c547eaf6e5743d1fed623dbb4497c.png,,N/A,https://www.walmart.com/ip/236571111,7.67,https://www.amazon.com/dp/B08436VHYK,https://www.amazon.com/s?k=SkinnyPop%20and%20Pirate's%20Booty%20Variety%20Pack%2C%2014%20Ct%20Snack%20Bags,https://www.ebay.com/sch/i.html?_nkw=SkinnyPop%20and%20Pirate's%20Booty%20Variety%20Pack%2C%2014%20Ct%20Snack%20Bags,https://www.google.com/search?q=SkinnyPop%20and%20Pirate's%20Booty%20Variety%20Pack%2C%2014%20Ct%20Snack%20Bags,https://seller.walmart.com/catalog/add-items?search=236571111,N/A,no,no,no,4,0,4,202,BUSINESS VIBE,mfn,$13.95,5,$13.89,$18.00,13.95,7.67,1.05,7.54 %,13.71 %,12.70,6.98,1,$20.99,N/A,$5.23,$3.45,0,$1.12,8.00%,$0.51,1,$0.15,$0.30 /lb,$0.15,$0.00,$0.00,$0.00,$0.00,0,$0.00,,74,undefined,"14.69, 13.46, 5.94 in, 0.51 lbs",14.69,13.46,5.94,0.51,N/A,Computer
"06/28/2025, 04:31 AM PDT","06/28/2025, 07:31 AM EDT","06/28/2025, 06:31 AM CDT","06/28/2025, 04:31 AM PDT",SkinnyPop Popcorn Microwave Sea Salt 3 Pack 8.4 oz,510989663,816925021200,N/A,N/A,SkinnyPop,Grocery,Popcorns,N/A,N/A,2446623,https://i5.walmartimages.com/seo/Skinnypop-Popcorn-Popcorn-Micro-Sea-Salt-3pk_9479dac6-bb43-4a85-bec8-318431ae2c91.e7a6bb124486f8778875e6043c44798d.jpeg,,N/A,https://www.walmart.com/ip/510989663,3.53,https://www.amazon.com/dp/B07PMRB4RW,https://www.amazon.com/s?k=SkinnyPop%20Popcorn%20Microwave%20Sea%20Salt%203%20Pack%208.4%20oz,https://www.ebay.com/sch/i.html?_nkw=SkinnyPop%20Popcorn%20Microwave%20Sea%20Salt%203%20Pack%208.4%20oz,https://www.google.com/search?q=SkinnyPop%20Popcorn%20Microwave%20Sea%20Salt%203%20Pack%208.4%20oz,https://seller.walmart.com/catalog/add-items?search=510989663,N/A,no,no,no,2,0,2,9,OneStopShop,mfn,$17.99,3,$17.99,$18.00,17.99,3.53,8.09,44.98 %,229.21 %,8.85,9.30,1,$4.93,N/A,$6.37,$3.45,0,$2.70,15.00%,$0.02,1,$0.20,$0.30 /lb,$0.20,$0.00,$0.00,$0.00,$0.00,0,$0.00,,4328,"undefined,undefined","6.34, 4.02, 2.01 in, 0.66 lbs",6.34,4.02,2.01,0.66,N/A,Computer
"06/28/2025, 04:34 AM PDT","06/28/2025, 07:34 AM EDT","06/28/2025, 06:34 AM CDT","06/28/2025, 04:34 AM PDT","Skinnypop Popcorn 100 Calorie Popcorn Bags, .65 Oz, Pack Of 30",38446396,850251004018,N/A,N/A,SkinnyPop,Grocery,Popcorns,N/A,N/A,HG1193861,https://i5.walmartimages.com/seo/Skinnypop-Popcorn-100-Calorie-Popcorn-Bags-65-Oz-Pack-Of-30_51afda7a-6996-4820-a895-99d2981b027f.bb4a7b8b98e5f02ca40add4bffad657b.jpeg,,N/A,https://www.walmart.com/ip/38446396,25.8,https://www.amazon.com/dp/B00O1I59SK,https://www.amazon.com/s?k=Skinnypop%20Popcorn%20100%20Calorie%20Popcorn%20Bags%2C%20.65%20Oz%2C%20Pack%20Of%2030,https://www.ebay.com/sch/i.html?_nkw=Skinnypop%20Popcorn%20100%20Calorie%20Popcorn%20Bags%2C%20.65%20Oz%2C%20Pack%20Of%2030,https://www.google.com/search?q=Skinnypop%20Popcorn%20100%20Calorie%20Popcorn%20Bags%2C%20.65%20Oz%2C%20Pack%20Of%2030,https://seller.walmart.com/catalog/add-items?search=38446396,N/A,no,no,no,1,0,1,5,Fenvy,mfn,$37.96,5,$37.96,$37.96,37.96,25.8,2.97,7.82 %,11.50 %,34.40,23.01,1,$7.81,N/A,$9.19,$3.45,0,$5.69,15.00%,$0.04,1,$0.01,$0.30 /lb,$0.01,$0.00,$0.00,$0.00,$0.00,0,$0.00,,2849,"undefined,undefined","7.87, 5.08, 2.09 in, 0.04 lbs",7.87,5.08,2.09,0.04,N/A,Computer
"06/28/2025, 04:43 AM PDT","06/28/2025, 07:43 AM EDT","06/28/2025, 06:43 AM CDT","06/28/2025, 04:43 AM PDT","Skinny Pack Gluten Free Popcorn, 100 Calorie Bags, 0.65 Oz",152525180,850251004452,N/A,N/A,SkinnyPop,Grocery,Popcorns,N/A,N/A,1688845,https://i5.walmartimages.com/seo/Skinny-Pack-Gluten-Free-Popcorn-100-Calorie-Bags-0-65-Oz_b8d47ad5-e2a1-47a3-81b5-2ce18360e9a4.d8750c7adcc981c77250a4aa246a5bb3.png,,N/A,https://www.walmart.com/ip/152525180,5.78,https://www.amazon.com/dp/B00OSVIKA4,https://www.amazon.com/s?k=Skinny%20Pack%20Gluten%20Free%20Popcorn%2C%20100%20Calorie%20Bags%2C%200.65%20Oz,https://www.ebay.com/sch/i.html?_nkw=Skinny%20Pack%20Gluten%20Free%20Popcorn%2C%20100%20Calorie%20Bags%2C%200.65%20Oz,https://www.google.com/search?q=Skinny%20Pack%20Gluten%20Free%20Popcorn%2C%20100%20Calorie%20Bags%2C%200.65%20Oz,https://seller.walmart.com/catalog/add-items?search=152525180,N/A,no,no,no,4,0,4,10100,Online Grocery Outlet,mfn,$12.17,9994,$12.17,$20.00,12.17,5.78,1.6,13.15 %,27.69 %,10.35,5.90,1,$12.27,N/A,$4.79,$3.45,0,$0.97,8.00%,$0.27,1,$0.09,$0.30 /lb,$0.09,$0.00,$0.00,$0.00,$0.00,0,$0.00,,521,undefined,"14.33, 11.14, 3.94 in, 0.31 lbs",14.33,11.14,3.94,0.31,N/A,Computer
"06/28/2025, 05:00 AM PDT","06/28/2025, 08:00 AM EDT","06/28/2025, 07:00 AM CDT","06/28/2025, 05:00 AM PDT","Skittles Flavor Mash-Ups Wild Berry & Tropical Chewy Candy, Grab N Go - 9oz Resealable Bag",43819440,22000016508,Single,2,SKITTLES,Grocery,Chewy Candy,N/A,N/A,25049,https://i5.walmartimages.com/seo/Skittles-Flavor-Mash-Ups-Wild-Berry-Tropical-Chewy-Candy-Grab-N-Go-9oz-Resealable-Bag_138a5039-c7d7-41e6-a948-17f12faa6b7a.6e02d528fae27ca43ba541c6ff18dfd7.jpeg,,N/A,https://www.walmart.com/ip/43819440,3,https://www.amazon.com/dp/B01AULJYSC,https://www.amazon.com/s?k=Skittles%20Flavor%20Mash-Ups%20Wild%20Berry%20%26%20Tropical%20Chewy%20Candy%2C%20Grab%20N%20Go%20-%209oz%20Resealable%20Bag,https://www.ebay.com/sch/i.html?_nkw=Skittles%20Flavor%20Mash-Ups%20Wild%20Berry%20%26%20Tropical%20Chewy%20Candy%2C%20Grab%20N%20Go%20-%209oz%20Resealable%20Bag,https://www.google.com/search?q=Skittles%20Flavor%20Mash-Ups%20Wild%20Berry%20%26%20Tropical%20Chewy%20Candy%2C%20Grab%20N%20Go%20-%209oz%20Resealable%20Bag,https://seller.walmart.com/catalog/add-items?search=43819440,N/A,no,no,no,4,0,4,25,Nexus Bangla llc,mfn,$10.47,10,$10.47,$12.99,10.47,3,2.98,28.44 %,99.26 %,8.25,4.78,1,$8.98,N/A,$4.49,$3.45,0,$0.84,8.00%,$0.02,1,$0.18,$0.30 /lb,$0.18,$0.00,$0.00,$0.00,$0.00,0,$0.00,,696,"undefined,undefined","6.97, 5.71, 1.42 in, 0.60 lbs",6.97,5.71,1.42,0.60,N/A,Computer
"06/28/2025, 05:02 AM PDT","06/28/2025, 08:02 AM EDT","06/28/2025, 07:02 AM CDT","06/28/2025, 05:02 AM PDT",Skittles Original Chewy Candy Grab N Go - 9 oz Bag,118276856,22000123701,N/A,N/A,SKITTLES,Grocery,Chewy Candy,N/A,N/A,MCLANE500682179,https://i5.walmartimages.com/seo/Skittles-Original-Chewy-Candy-Grab-N-Go-9-oz-Bag_39e9f997-58a2-4ec4-a3d4-9d8485648a34.6bf299bb153c1e0a393f922194bb5558.jpeg,,N/A,https://www.walmart.com/ip/118276856,3,https://www.amazon.com/dp/B0111KBYD4,https://www.amazon.com/s?k=Skittles%20Original%20Chewy%20Candy%20Grab%20N%20Go%20-%209%20oz%20Bag,https://www.ebay.com/sch/i.html?_nkw=Skittles%20Original%20Chewy%20Candy%20Grab%20N%20Go%20-%209%20oz%20Bag,https://www.google.com/search?q=Skittles%20Original%20Chewy%20Candy%20Grab%20N%20Go%20-%209%20oz%20Bag,https://seller.walmart.com/catalog/add-items?search=118276856,N/A,no,no,no,3,0,3,13,Fresh Finds,mfn,$10.39,3,$10.39,$13.98,10.39,3,2.91,27.99 %,96.94 %,8.25,4.73,1,OOS,N/A,$4.48,$3.45,0,$0.83,8.00%,$0.03,1,$0.17,$0.30 /lb,$0.17,$0.00,$0.00,$0.00,$0.00,0,$0.00,,1949,"undefined,undefined","7.40, 5.75, 1.61 in, 0.57 lbs",7.40,5.75,1.61,0.57,N/A,Computer
"06/28/2025, 05:11 AM PDT","06/28/2025, 08:11 AM EDT","06/28/2025, 07:11 AM CDT","06/28/2025, 05:11 AM PDT",Skittles Wild Berry Chewy Candy Theater Box - 3.5 oz Box,114552346,22000288561,N/A,N/A,SKITTLES,Grocery,Chewy Candy,N/A,N/A,00022000288561,https://i5.walmartimages.com/seo/Skittles-Wild-Berry-Chewy-Candy-Theater-Box-3-5-oz-Box_22c2732e-bab0-44e5-a023-214641fba987.f9ac91a633b51f28c15a23829dcd25d8.jpeg,,N/A,https://www.walmart.com/ip/114552346,1.33,https://www.amazon.com/dp/B09NNZDKPR,https://www.amazon.com/s?k=Skittles%20Wild%20Berry%20Chewy%20Candy%20Theater%20Box%20-%203.5%20oz%20Box,https://www.ebay.com/sch/i.html?_nkw=Skittles%20Wild%20Berry%20Chewy%20Candy%20Theater%20Box%20-%203.5%20oz%20Box,https://www.google.com/search?q=Skittles%20Wild%20Berry%20Chewy%20Candy%20Theater%20Box%20-%203.5%20oz%20Box,https://seller.walmart.com/catalog/add-items?search=114552346,N/A,no,no,no,4,0,4,115,Ramay Goods LLC,mfn,$6.92,43,$6.92,$10.83,6.92,1.33,0.51,7.36 %,38.30 %,6.30,1.47,1,$6.00,N/A,$5.08,$3.45,0,$0.55,8.00%,$0.00,1,$1.07,$0.30 /lb,$0.07,$0.00,$0.00,$0.00,$0.00,0,$0.00,,2271,undefined,"5.59, 2.48, 0.83 in, 0.24 lbs",5.59,2.48,0.83,0.24,N/A,Computer
"06/30/2025, 12:32 AM PDT","06/30/2025, 03:32 AM EDT","06/30/2025, 02:32 AM CDT","06/30/2025, 12:32 AM PDT",Snak Club Tajin Peach Rings,486669564,87076216474,1,14,Snak Club,Grocery,Gummy Candy,N/A,N/A,6065122,https://i5.walmartimages.com/seo/Snak-Club-Tajin-Peach-Rings_61be96fb-c868-4115-b37c-eb79fa0469d4.6116b58254fbd61452558aee52c4d8c7.jpeg,,N/A,https://www.walmart.com/ip/486669564,3.25,https://www.amazon.com/dp/B07V572MHM,https://www.amazon.com/s?k=Snak%20Club%20Tajin%20Peach%20Rings,https://www.ebay.com/sch/i.html?_nkw=Snak%20Club%20Tajin%20Peach%20Rings,https://www.google.com/search?q=Snak%20Club%20Tajin%20Peach%20Rings,https://seller.walmart.com/catalog/add-items?search=486669564,N/A,no,no,no,1,0,1,3,Rebel 21,mfn,$11.98,3,$11.98,$11.98,11.98,3.25,4.19,35.01 %,129.07 %,8.40,5.96,1,$11.99,N/A,$4.54,$3.45,0,$0.96,8.00%,$0.02,1,$0.10,$0.30 /lb,$0.10,$0.00,$0.00,$0.00,$0.00,0,$0.00,,103,"undefined,undefined,undefined","8.15, 5.08, 1.22 in, 0.35 lbs",8.15,5.08,1.22,0.35,N/A,Computer
"06/30/2025, 12:51 AM PDT","06/30/2025, 03:51 AM EDT","06/30/2025, 02:51 AM CDT","06/30/2025, 12:51 AM PDT","Snickers Crunchy Peanut Butter Squared Candy Chocolate Bar, Full Size, 1.78 oz, Packet",33282369,40000394129,"Peanut Butter, 1 Bar, 1",2,SNICKERS,Grocery,Candy Bars & Miniatures,N/A,N/A,10-30139,https://i5.walmartimages.com/seo/Snickers-Crunchy-Peanut-Butter-Squared-Candy-Chocolate-Bar-Full-Size-1-78-oz-Packet_f86fa607-fbde-4533-97a0-69d2f718eda7.7213dc36cff84f567f3201cb2d0922d4.jpeg,,N/A,https://www.walmart.com/ip/33282369,1.42,https://www.amazon.com/dp/B01HEN2VJ8,https://www.amazon.com/s?k=Snickers%20Crunchy%20Peanut%20Butter%20Squared%20Candy%20Chocolate%20Bar%2C%20Full%20Size%2C%201.78%20oz%2C%20Packet,https://www.ebay.com/sch/i.html?_nkw=Snickers%20Crunchy%20Peanut%20Butter%20Squared%20Candy%20Chocolate%20Bar%2C%20Full%20Size%2C%201.78%20oz%2C%20Packet,https://www.google.com/search?q=Snickers%20Crunchy%20Peanut%20Butter%20Squared%20Candy%20Chocolate%20Bar%2C%20Full%20Size%2C%201.78%20oz%2C%20Packet,https://seller.walmart.com/catalog/add-items?search=33282369,N/A,no,no,no,1,0,1,8,Choice Click Inc,mfn,$9.99,8,$9.99,$9.99,9.99,1.42,3.31,33.12 %,232.99 %,6.30,3.78,1,$9.86,N/A,$5.26,$3.45,0,$0.80,8.00%,$0.00,1,$1.01,$0.30 /lb,$0.01,$0.00,$0.00,$0.00,$0.00,0,$0.00,,37,"undefined,undefined,undefined","1.50, 0.79, 0.71 in, 0.04 lbs",1.50,0.79,0.71,0.04,N/A,Computer
"06/30/2025, 12:54 AM PDT","06/30/2025, 03:54 AM EDT","06/30/2025, 02:54 AM CDT","06/30/2025, 12:54 AM PDT","M&M's Toasty Holiday Peanut Chocolate Stocking Stuffers, Share Size - 3.27 oz Bag",5199926131,40000603252,"3.27 oz, Single",4,M&M'S,Grocery,Chocolate Candy,N/A,N/A,N/A,https://i5.walmartimages.com/seo/M-M-s-Toasty-Holiday-Peanut-Chocolate-Stocking-Stuffers-Share-Size-3-27-oz-Bag_ac94a4d0-b244-4a7d-83d0-ae792f0bc2ce.4fac59ae3a2fc76b41d38a7e0863a18b.jpeg,,N/A,https://www.walmart.com/ip/5199926131,2.38,https://www.amazon.com/dp/B0DBMXFVDJ,https://www.amazon.com/s?k=M%26M's%20Toasty%20Holiday%20Peanut%20Chocolate%20Stocking%20Stuffers%2C%20Share%20Size%20-%203.27%20oz%20Bag,https://www.ebay.com/sch/i.html?_nkw=M%26M's%20Toasty%20Holiday%20Peanut%20Chocolate%20Stocking%20Stuffers%2C%20Share%20Size%20-%203.27%20oz%20Bag,https://www.google.com/search?q=M%26M's%20Toasty%20Holiday%20Peanut%20Chocolate%20Stocking%20Stuffers%2C%20Share%20Size%20-%203.27%20oz%20Bag,https://seller.walmart.com/catalog/add-items?search=5199926131,N/A,no,no,no,0,0,0,0,N/A,N/A,0,,,Price,8.89,2.38,1.34,15.10 %,56.42 %,7.35,2.98,1,OOS,N/A,$5.17,$3.45,0,$0.71,8.00%,$0.00,1,$1.01,$0.30 /lb,$0.01,$0.00,$0.00,$0.00,$0.00,0,$0.00,,61,"undefined,undefined,undefined,undefined","0.39, 0.39, 0.39 in, 0.02 lbs",0.39,0.39,0.39,0.02,N/A,Computer
"06/30/2025, 12:56 AM PDT","06/30/2025, 03:56 AM EDT","06/30/2025, 02:56 AM CDT","06/30/2025, 12:56 AM PDT","Sno-Caps, Semi-Sweet Chocolate Nonpareils, Movie Theater Candy Box, Great for Halloween Candy, 3.1 oz",458198348,99900447275,N/A,N/A,Sno-Caps,Grocery,Chocolate Candy,N/A,N/A,N/A,https://i5.walmartimages.com/seo/Sno-Caps-Semi-Sweet-Chocolate-Nonpareils-Movie-Theater-Candy-Box-Great-for-Halloween-Candy-3-1-oz_02f987ac-90f8-4b37-a980-46dbd1d68e19.2f3168b194fb5cc7f4c2f21d6c957e15.jpeg,,N/A,https://www.walmart.com/ip/458198348,1.29,https://www.amazon.com/dp/B08LSW1ZY9,https://www.amazon.com/s?k=Sno-Caps%2C%20Semi-Sweet%20Chocolate%20Nonpareils%2C%20Movie%20Theater%20Candy%20Box%2C%20Great%20for%20Halloween%20Candy%2C%203.1%20oz,https://www.ebay.com/sch/i.html?_nkw=Sno-Caps%2C%20Semi-Sweet%20Chocolate%20Nonpareils%2C%20Movie%20Theater%20Candy%20Box%2C%20Great%20for%20Halloween%20Candy%2C%203.1%20oz,https://www.google.com/search?q=Sno-Caps%2C%20Semi-Sweet%20Chocolate%20Nonpareils%2C%20Movie%20Theater%20Candy%20Box%2C%20Great%20for%20Halloween%20Candy%2C%203.1%20oz,https://seller.walmart.com/catalog/add-items?search=458198348,N/A,no,no,no,2,0,2,18,BENIHEN ,mfn,$9.25,10,$9.25,$9.45,9.25,1.29,2.7,29.16 %,209.12 %,6.25,3.19,1,OOS,N/A,$5.26,$3.45,0,$0.74,8.00%,$0.01,1,$1.07,$0.30 /lb,$0.07,$0.00,$0.00,$0.00,$0.00,0,$0.00,,60,"undefined,undefined","6.34, 3.07, 0.75 in, 0.22 lbs",6.34,3.07,0.75,0.22,N/A,Computer
"06/30/2025, 01:03 AM PDT","06/30/2025, 04:03 AM EDT","06/30/2025, 03:03 AM CDT","06/30/2025, 01:03 AM PDT","Solely Organic Pineapple Rings, 3.5 oz (100 g)",136975530,856261006660,N/A,N/A,SOLELY,Grocery,Dried Fruits,N/A,N/A,N/A,https://i5.walmartimages.com/seo/Solely-Organic-Pineapple-Rings-3-5-oz-100-g_f1bfa4e0-9496-4a9e-bf52-435206da17d9.710b86c156dae578126f2ccf6147673a.jpeg,,N/A,https://www.walmart.com/ip/136975530,5.09,https://www.amazon.com/dp/B08977T1V5,https://www.amazon.com/s?k=Solely%20Organic%20Pineapple%20Rings%2C%203.5%20oz%20(100%20g),https://www.ebay.com/sch/i.html?_nkw=Solely%20Organic%20Pineapple%20Rings%2C%203.5%20oz%20(100%20g),https://www.google.com/search?q=Solely%20Organic%20Pineapple%20Rings%2C%203.5%20oz%20(100%20g),https://seller.walmart.com/catalog/add-items?search=136975530,N/A,no,no,no,0,0,0,0,N/A,N/A,0,,,Price,12.99,5.09,0.36,2.76 %,7.04 %,12.50,4.36,1,$29.97,N/A,$7.54,$5.75,0,$1.04,8.00%,$0.20,1,$0.55,$0.30 /lb,$0.55,$0.00,$0.00,$0.00,$0.00,0,$0.00,,3,"undefined,undefined","8.94, 7.48, 7.01 in, 1.83 lbs",8.94,7.48,7.01,1.83,N/A,Computer
"06/30/2025, 01:10 AM PDT","06/30/2025, 04:10 AM EDT","06/30/2025, 03:10 AM CDT","06/30/2025, 01:10 AM PDT","Somos Mexican Street Corn White Rice, 8.8 oz Pouch",3218381517,850029632023,Single,1,Somos,Grocery,Rice,N/A,N/A,N/A,https://i5.walmartimages.com/seo/Somos-Mexican-Street-Corn-White-Rice-8-8-oz-Pouch_2c8a9886-2d1b-4932-b8e2-4830486e88d2.59b44e512917c247f022146fd4b80ebd.jpeg,,N/A,https://www.walmart.com/ip/3218381517,2.88,https://www.amazon.com/dp/B0BJR4TSVH,https://www.amazon.com/s?k=Somos%20Mexican%20Street%20Corn%20White%20Rice%2C%208.8%20oz%20Pouch,https://www.ebay.com/sch/i.html?_nkw=Somos%20Mexican%20Street%20Corn%20White%20Rice%2C%208.8%20oz%20Pouch,https://www.google.com/search?q=Somos%20Mexican%20Street%20Corn%20White%20Rice%2C%208.8%20oz%20Pouch,https://seller.walmart.com/catalog/add-items?search=3218381517,N/A,yes,no,no,1,0,1,6,NVO SUPPLY LLC,mfn,$13.51,6,$13.51,$13.51,13.51,2.88,5.92,43.80 %,205.47 %,8.10,7.04,1,$3.47,N/A,$4.71,$3.45,0,$1.08,8.00%,$0.01,1,$0.17,$0.30 /lb,$0.17,$0.00,$0.00,$0.00,$0.00,0,$0.00,,24,"undefined,undefined","7.32, 5.35, 0.63 in, 0.57 lbs",7.32,5.35,0.63,0.57,N/A,Computer
"06/30/2025, 01:14 AM PDT","06/30/2025, 04:14 AM EDT","06/30/2025, 03:14 AM CDT","06/30/2025, 01:14 AM PDT","Trolli Sour Brite All Star Mix, 4.25 Oz.,12 Bags",769693783,41420027161,N/A,N/A,Trolli,Grocery,Gummy Candy,N/A,N/A,N/A,https://i5.walmartimages.com/seo/Trolli-Sour-Brite-All-Star-Mix-4-25-Oz-12-Bags_0134f73c-39e4-44b1-9a21-cdf6951896c5.788c58a803f4c499109b14e560cbdbdb.jpeg,,N/A,https://www.walmart.com/ip/769693783,20.16,https://www.amazon.com/dp/B07P1D6XYN,https://www.amazon.com/s?k=Trolli%20Sour%20Brite%20All%20Star%20Mix%2C%204.25%20Oz.%2C12%20Bags,https://www.ebay.com/sch/i.html?_nkw=Trolli%20Sour%20Brite%20All%20Star%20Mix%2C%204.25%20Oz.%2C12%20Bags,https://www.google.com/search?q=Trolli%20Sour%20Brite%20All%20Star%20Mix%2C%204.25%20Oz.%2C12%20Bags,https://seller.walmart.com/catalog/add-items?search=769693783,undefined,no,no,no,2,0,2,19,Candy Retailer,mfn,$34.65,1,$34.65,$34.66,34.65,20.16,1.79,5.15 %,8.86 %,32.45,17.56,1,$34.99,N/A,$12.70,$6.15,0,$5.20,15.00%,$0.19,1,$1.17,$0.30 /lb,$1.17,$0.00,$0.00,$0.00,$0.00,0,$0.00,,194,"undefined,undefined","12.05, 8.03, 4.45 in, 3.90 lbs",12.05,8.03,4.45,3.90,N/A,Computer
"06/30/2025, 01:16 AM PDT","06/30/2025, 04:16 AM EDT","06/30/2025, 03:16 AM CDT","06/30/2025, 01:16 AM PDT",Trolli Llamas 4.25 oz,802706014,41420023705,N/A,N/A,Trolli,Grocery,Gummy Candy,N/A,N/A,N/A,https://i5.walmartimages.com/seo/Trolli-Llamas-4-25-oz_40ddb418-11bc-4891-9c34-97cbe382d52a_2.50d6d8a285a4619d7285f78a178f94d8.jpeg,,N/A,https://www.walmart.com/ip/802706014,1.68,https://www.amazon.com/dp/B07K7ZZ3PT,https://www.amazon.com/s?k=Trolli%20Llamas%204.25%20oz,https://www.ebay.com/sch/i.html?_nkw=Trolli%20Llamas%204.25%20oz,https://www.google.com/search?q=Trolli%20Llamas%204.25%20oz,https://seller.walmart.com/catalog/add-items?search=802706014,N/A,no,no,no,5,0,5,103,Shop The King,mfn,$7.60,58,$7.48,$11.85,7.6,1.68,0.76,9.98 %,45.14 %,6.70,1.95,1,$8.54,N/A,$5.16,$3.45,0,$0.61,8.00%,$0.03,1,$1.08,$0.30 /lb,$0.08,$0.00,$0.00,$0.00,$0.00,0,$0.00,,44,undefined,"7.52, 5.24, 1.50 in, 0.26 lbs",7.52,5.24,1.50,0.26,N/A,Computer
"06/30/2025, 01:31 AM PDT","06/30/2025, 04:31 AM EDT","06/30/2025, 03:31 AM CDT","06/30/2025, 01:31 AM PDT","SOUR PATCH KIDS Soft & Chewy Candy, Bulk Candy, 5 lb",143705172,70462988611,N/A,N/A,Sour Patch Kids,Grocery,Sour Candy,N/A,N/A,500861,https://i5.walmartimages.com/seo/SOUR-PATCH-KIDS-Soft-Chewy-Candy-Bulk-Candy-5-lb_4e84681d-d869-46cd-8357-9e452e531f5a.882128a910386eda6107dd8eeb6003dc.jpeg,,N/A,https://www.walmart.com/ip/143705172,16.6,https://www.amazon.com/dp/B07X8Y5FJ2,https://www.amazon.com/s?k=SOUR%20PATCH%20KIDS%20Soft%20%26%20Chewy%20Candy%2C%20Bulk%20Candy%2C%205%20lb,https://www.ebay.com/sch/i.html?_nkw=SOUR%20PATCH%20KIDS%20Soft%20%26%20Chewy%20Candy%2C%20Bulk%20Candy%2C%205%20lb,https://www.google.com/search?q=SOUR%20PATCH%20KIDS%20Soft%20%26%20Chewy%20Candy%2C%20Bulk%20Candy%2C%205%20lb,https://seller.walmart.com/catalog/add-items?search=143705172,N/A,yes,no,no,6,0,6,49,Innovate Works LLC,mfn,$32.21,5,$32.20,$37.90,32.2,16.6,2.55,7.91 %,15.35 %,29.10,15.32,1,OOS,N/A,$13.05,$6.55,0,$4.83,15.00%,$0.16,1,$1.51,$0.30 /lb,$1.51,$0.00,$0.00,$0.00,$0.00,0,$0.00,,89,undefined,"13.94, 11.18, 2.36 in, 5.04 lbs",13.94,11.18,2.36,5.04,N/A,Computer
"06/30/2025, 01:34 AM PDT","06/30/2025, 04:34 AM EDT","06/30/2025, 03:34 AM CDT","06/30/2025, 01:34 AM PDT","SOUR PATCH KIDS Sour Hearts Black Raspberry Soft & Chewy Candy, 3.45 oz Heart Shaped Box",100924564,70462010503,N/A,N/A,Sour Patch Kids,Grocery,Sour Candy,N/A,N/A,N/A,https://i5.walmartimages.com/seo/SOUR-PATCH-KIDS-Sour-Hearts-Black-Raspberry-Soft-Chewy-Candy-3-45-oz-Heart-Shaped-Box_99bb6511-79bf-4c3d-93a7-206d97738340.6135682aee94b034d989d86e9175b612.jpeg,,N/A,https://www.walmart.com/ip/100924564,4.8,https://www.amazon.com/dp/B0B13Q1HZB,https://www.amazon.com/s?k=SOUR%20PATCH%20KIDS%20Sour%20Hearts%20Black%20Raspberry%20Soft%20%26%20Chewy%20Candy%2C%203.45%20oz%20Heart%20Shaped%20Box,https://www.ebay.com/sch/i.html?_nkw=SOUR%20PATCH%20KIDS%20Sour%20Hearts%20Black%20Raspberry%20Soft%20%26%20Chewy%20Candy%2C%203.45%20oz%20Heart%20Shaped%20Box,https://www.google.com/search?q=SOUR%20PATCH%20KIDS%20Sour%20Hearts%20Black%20Raspberry%20Soft%20%26%20Chewy%20Candy%2C%203.45%20oz%20Heart%20Shaped%20Box,https://seller.walmart.com/catalog/add-items?search=100924564,N/A,no,no,no,1,0,1,13,Candy Retailer,mfn,$10.81,13,$10.81,$10.81,10.81,4.8,1.6,14.76 %,33.23 %,0.00,5.12,1,$13.74,N/A,$4.41,$3.45,0,$0.86,8.00%,$0.03,1,$0.07,$0.30 /lb,$0.07,$0.00,$0.00,$0.00,$0.00,0,$0.00,,33,"undefined,undefined","6.93, 6.93, 1.34 in, 0.24 lbs",6.93,6.93,1.34,0.24,N/A,Computer
"06/30/2025, 01:38 AM PDT","06/30/2025, 04:38 AM EDT","06/30/2025, 03:38 AM CDT","06/30/2025, 01:38 AM PDT","SOUR PATCH KIDS Carrots Soft & Chewy Easter Candy, 5 oz",2571164121,70462012491,N/A,N/A,Sour Patch Kids,Grocery,Chewy Candy,N/A,N/A,N/A,https://i5.walmartimages.com/seo/SOUR-PATCH-KIDS-Carrots-Soft-Chewy-Easter-Candy-5-oz_a33999f9-ed65-477c-a584-2ca48cee123d.0c5999da38fa2f736ef9e26550e64053.jpeg,,N/A,https://www.walmart.com/ip/2571164121,3.34,https://www.amazon.com/dp/B0CC6S16Y8,https://www.amazon.com/s?k=SOUR%20PATCH%20KIDS%20Carrots%20Soft%20%26%20Chewy%20Easter%20Candy%2C%205%20oz,https://www.ebay.com/sch/i.html?_nkw=SOUR%20PATCH%20KIDS%20Carrots%20Soft%20%26%20Chewy%20Easter%20Candy%2C%205%20oz,https://www.google.com/search?q=SOUR%20PATCH%20KIDS%20Carrots%20Soft%20%26%20Chewy%20Easter%20Candy%2C%205%20oz,https://seller.walmart.com/catalog/add-items?search=2571164121,N/A,no,no,no,1,0,1,10,Smile 'n' Save,mfn,$9.94,10,$9.94,$9.94,9.94,3.34,1.2,12.11 %,36.04 %,8.55,3.63,1,OOS,N/A,$5.40,$3.45,0,$0.80,8.00%,$0.06,1,$1.09,$0.30 /lb,$0.09,$0.00,$0.00,$0.00,$0.00,0,$0.00,,32,"undefined,undefined","9.09, 4.80, 3.07 in, 0.31 lbs",9.09,4.80,3.07,0.31,N/A,Computer
"06/30/2025, 01:39 AM PDT","06/30/2025, 04:39 AM EDT","06/30/2025, 03:39 AM CDT","06/30/2025, 01:39 AM PDT","SOUR PATCH KIDS Extreme Sour Soft & Chewy Candy, 3.5 oz Box",38453535,70462001051,Single,2,Sour Patch Kids,Grocery,Sour Candy,N/A,N/A,00138,https://i5.walmartimages.com/seo/SOUR-PATCH-KIDS-Extreme-Sour-Soft-Chewy-Candy-3-5-oz-Box_edf273cd-057c-441a-9143-290d3513dd7f.fb9e847a6832ae468bac2e918ebef527.jpeg,,N/A,https://www.walmart.com/ip/38453535,1.03,https://www.amazon.com/dp/B01LF74LG0,https://www.amazon.com/s?k=SOUR%20PATCH%20KIDS%20Extreme%20Sour%20Soft%20%26%20Chewy%20Candy%2C%203.5%20oz%20Box,https://www.ebay.com/sch/i.html?_nkw=SOUR%20PATCH%20KIDS%20Extreme%20Sour%20Soft%20%26%20Chewy%20Candy%2C%203.5%20oz%20Box,https://www.google.com/search?q=SOUR%20PATCH%20KIDS%20Extreme%20Sour%20Soft%20%26%20Chewy%20Candy%2C%203.5%20oz%20Box,https://seller.walmart.com/catalog/add-items?search=38453535,N/A,yes,no,no,3,0,3,56,Candy Retailer,mfn,$8.47,22,$8.47,$9.27,8.47,1.03,2.29,27.06 %,222.55 %,5.90,2.66,1,$4.98,N/A,$5.15,$3.45,0,$0.68,8.00%,$0.00,1,$1.02,$0.30 /lb,$0.02,$0.00,$0.00,$0.00,$0.00,0,$0.00,,41,"undefined,undefined,undefined","5.79, 4.29, 0.20 in, 0.06 lbs",5.79,4.29,0.20,0.06,N/A,Computer
"06/30/2025, 01:42 AM PDT","06/30/2025, 04:42 AM EDT","06/30/2025, 03:42 AM CDT","06/30/2025, 01:42 AM PDT","Holiday Create A Treat Sour Patch Kids® Ultimate Ski Chalet Kit, Size 35.3 oz, New, Shelf-Stable",668761122,629014017035,N/A,N/A,Create-A-Treat,Gourmet Food,Gingerbread Kits,N/A,N/A,N/A,https://i5.walmartimages.com/seo/Holiday-Create-A-Treat-Sour-Patch-Kids-Ultimate-Ski-Chalet-Kit-Size-35-3-oz-New-Shelf-Stable_0676dbf2-4ba4-4578-8e4f-53b94f9094b7.7f27944363cd8df6830e4ce069b57800.jpeg,,N/A,https://www.walmart.com/ip/668761122,12.3,N/A,https://www.amazon.com/s?k=Holiday%20Create%20A%20Treat%20Sour%20Patch%20Kids%C2%AE%20Ultimate%20Ski%20Chalet%20Kit%2C%20Size%2035.3%20oz%2C%20New%2C%20Shelf-Stable,https://www.ebay.com/sch/i.html?_nkw=Holiday%20Create%20A%20Treat%20Sour%20Patch%20Kids%C2%AE%20Ultimate%20Ski%20Chalet%20Kit%2C%20Size%2035.3%20oz%2C%20New%2C%20Shelf-Stable,https://www.google.com/search?q=Holiday%20Create%20A%20Treat%20Sour%20Patch%20Kids%C2%AE%20Ultimate%20Ski%20Chalet%20Kit%2C%20Size%2035.3%20oz%2C%20New%2C%20Shelf-Stable,https://seller.walmart.com/catalog/add-items?search=668761122,N/A,no,no,no,2,0,2,3,A2 Supplies,mfn,$29.99,1,$29.99,$29.99,29.99,12.3,6.83,22.76 %,55.49 %,21.85,15.30,1,NA,N/A,$10.86,$5.45,0,$4.50,15.00%,$0.12,1,$0.79,$0.30 /lb,$0.79,$0.00,$0.00,$0.00,$0.00,0,$0.00,,29,"undefined,undefined","12.09, 9.96, 2.32 in, 2.65 lbs",12.09,9.96,2.32,2.65,N/A,Computer
"06/30/2025, 01:44 AM PDT","06/30/2025, 04:44 AM EDT","06/30/2025, 03:44 AM CDT","06/30/2025, 01:44 AM PDT","SOUR PATCH KIDS Peach Soft and Chewy Candy, 8.07 oz",793013769,70462009200,8.07 oz,1,Sour Patch Kids,Grocery,Chewy Candy,N/A,N/A,N/A,https://i5.walmartimages.com/seo/SOUR-PATCH-KIDS-Peach-Soft-and-Chewy-Candy-8-07-oz_057595fd-732f-4f83-a6b3-8c05a9f907b2.2c6634e46f64457f5c90137ba1201351.jpeg,,N/A,https://www.walmart.com/ip/793013769,2.94,https://www.amazon.com/dp/B097S7NHLN,https://www.amazon.com/s?k=SOUR%20PATCH%20KIDS%20Peach%20Soft%20and%20Chewy%20Candy%2C%208.07%20oz,https://www.ebay.com/sch/i.html?_nkw=SOUR%20PATCH%20KIDS%20Peach%20Soft%20and%20Chewy%20Candy%2C%208.07%20oz,https://www.google.com/search?q=SOUR%20PATCH%20KIDS%20Peach%20Soft%20and%20Chewy%20Candy%2C%208.07%20oz,https://seller.walmart.com/catalog/add-items?search=793013769,N/A,no,no,no,2,0,2,16,Disguiser Express Mart,mfn,$9.48,9,$9.48,$9.95,9.48,2.94,1.16,12.22 %,39.40 %,8.15,3.28,1,OOS,N/A,$5.38,$3.45,0,$0.76,8.00%,$0.03,1,$1.15,$0.30 /lb,$0.15,$0.00,$0.00,$0.00,$0.00,0,$0.00,,34,"undefined,undefined","7.09, 4.92, 1.73 in, 0.49 lbs",7.09,4.92,1.73,0.49,N/A,Computer
"06/30/2025, 01:46 AM PDT","06/30/2025, 04:46 AM EDT","06/30/2025, 03:46 AM CDT","06/30/2025, 01:46 AM PDT",SOUR PATCH KIDS ASSORTED SOFT CANDY 8.02 OZ,5221895782,70462012439,N/A,N/A,Sour Patch Kids,Grocery,Sour Candy,N/A,N/A,N/A,https://i5.walmartimages.com/seo/SOUR-PATCH-KIDS-ASSORTED-SOFT-CANDY-8-02-OZ_eba87982-e882-45fe-906e-1cbe3e40a53a.d89eb4ea930821d8722534eefbf904eb.jpeg,,N/A,https://www.walmart.com/ip/5221895782,2.42,https://www.amazon.com/dp/B0CP4LT522,https://www.amazon.com/s?k=SOUR%20PATCH%20KIDS%20ASSORTED%20SOFT%20CANDY%208.02%20OZ,https://www.ebay.com/sch/i.html?_nkw=SOUR%20PATCH%20KIDS%20ASSORTED%20SOFT%20CANDY%208.02%20OZ,https://www.google.com/search?q=SOUR%20PATCH%20KIDS%20ASSORTED%20SOFT%20CANDY%208.02%20OZ,https://seller.walmart.com/catalog/add-items?search=5221895782,N/A,no,no,no,1,0,1,2,Bigiis,mfn,$8.99,2,$8.99,$8.99,8.99,2.42,1.23,13.72 %,50.96 %,7.55,2.92,1,OOS,N/A,$5.34,$3.45,0,$0.72,8.00%,$0.02,1,$1.15,$0.30 /lb,$0.15,$0.00,$0.00,$0.00,$0.00,0,$0.00,,29,"undefined,undefined","7.17, 5.24, 1.26 in, 0.49 lbs",7.17,5.24,1.26,0.49,N/A,Computer
"06/30/2025, 01:47 AM PDT","06/30/2025, 04:47 AM EDT","06/30/2025, 03:47 AM CDT","06/30/2025, 01:47 AM PDT",SOUR PATCH KIDS STRAWBERRY SOFT CANDY 8 OZ,510502571,70462008623,0,2,Sour Patch Kids,Grocery,Sour Candy,N/A,N/A,N/A,https://i5.walmartimages.com/seo/SOUR-PATCH-KIDS-STRAWBERRY-SOFT-CANDY-8-OZ_8905216b-93cf-4341-8a69-32871a1b2c32.7fd67164ce1e1f8dc1e73022b67fa7ce.jpeg,,N/A,https://www.walmart.com/ip/510502571,3.01,https://www.amazon.com/dp/B097S8K4PC,https://www.amazon.com/s?k=SOUR%20PATCH%20KIDS%20STRAWBERRY%20SOFT%20CANDY%208%20OZ,https://www.ebay.com/sch/i.html?_nkw=SOUR%20PATCH%20KIDS%20STRAWBERRY%20SOFT%20CANDY%208%20OZ,https://www.google.com/search?q=SOUR%20PATCH%20KIDS%20STRAWBERRY%20SOFT%20CANDY%208%20OZ,https://seller.walmart.com/catalog/add-items?search=510502571,N/A,no,no,no,5,0,5,303,Su-Store01,mfn,$8.88,1,$8.87,$13.46,8.88,3.01,0.54,6.05 %,17.84 %,8.20,2.84,1,$6.83,N/A,$5.33,$3.45,0,$0.71,8.00%,$0.02,1,$1.15,$0.30 /lb,$0.15,$0.00,$0.00,$0.00,$0.00,0,$0.00,,28,"undefined,undefined","6.61, 4.92, 1.38 in, 0.51 lbs",6.61,4.92,1.38,0.51,N/A,Computer
"06/30/2025, 03:22 AM PDT","06/30/2025, 06:22 AM EDT","06/30/2025, 05:22 AM CDT","06/30/2025, 03:22 AM PDT","SOUR PATCH KIDS Tropical Soft & Chewy Candy, 3.5 oz",526259733,70462002027,N/A,N/A,Sour Patch Kids,Grocery,Sour Candy,N/A,N/A,7046200202,https://i5.walmartimages.com/seo/SOUR-PATCH-KIDS-Tropical-Soft-Chewy-Candy-3-5-oz_c14501eb-157e-4527-b0c6-f344c41b7033.e73a51818dcc1feff0c395783fccd489.jpeg,,N/A,https://www.walmart.com/ip/526259733,1.03,https://www.amazon.com/dp/B06ZXVTRP6,https://www.amazon.com/s?k=SOUR%20PATCH%20KIDS%20Tropical%20Soft%20%26%20Chewy%20Candy%2C%203.5%20oz,https://www.ebay.com/sch/i.html?_nkw=SOUR%20PATCH%20KIDS%20Tropical%20Soft%20%26%20Chewy%20Candy%2C%203.5%20oz,https://www.google.com/search?q=SOUR%20PATCH%20KIDS%20Tropical%20Soft%20%26%20Chewy%20Candy%2C%203.5%20oz,https://seller.walmart.com/catalog/add-items?search=526259733,N/A,no,no,no,7,0,7,99,Candy Retailer,mfn,$6.53,8,$5.48,$9.27,6.53,1.03,0.45,6.84 %,43.39 %,5.95,1.18,1,$1.98,N/A,$5.05,$3.45,0,$0.52,8.00%,$0.01,1,$1.07,$0.30 /lb,$0.07,$0.00,$0.00,$0.00,$0.00,0,$0.00,,45,undefined,"6.14, 3.74, 0.87 in, 0.24 lbs",6.14,3.74,0.87,0.24,N/A,Computer
"06/30/2025, 03:27 AM PDT","06/30/2025, 06:27 AM EDT","06/30/2025, 05:27 AM CDT","06/30/2025, 03:27 AM PDT","SOUR PATCH KIDS Extreme Sour Soft & Chewy Candy, 7.2 oz",112995036,70462431407,Single,1,Sour Patch Kids,Grocery,Sour Candy,N/A,N/A,N/A,https://i5.walmartimages.com/seo/SOUR-PATCH-KIDS-Extreme-Sour-Soft-Chewy-Candy-7-2-oz_31f60908-5de3-42ee-867e-674bc31db613.7a9ae5cb952a89fa307d3c5edb377cee.jpeg,,N/A,https://www.walmart.com/ip/112995036,2.37,https://www.amazon.com/dp/B000WHXSI2,https://www.amazon.com/s?k=SOUR%20PATCH%20KIDS%20Extreme%20Sour%20Soft%20%26%20Chewy%20Candy%2C%207.2%20oz,https://www.ebay.com/sch/i.html?_nkw=SOUR%20PATCH%20KIDS%20Extreme%20Sour%20Soft%20%26%20Chewy%20Candy%2C%207.2%20oz,https://www.google.com/search?q=SOUR%20PATCH%20KIDS%20Extreme%20Sour%20Soft%20%26%20Chewy%20Candy%2C%207.2%20oz,https://seller.walmart.com/catalog/add-items?search=112995036,N/A,no,no,no,5,0,5,177,Candy Retailer,mfn,$9.94,14,$9.94,$12.46,9.94,2.37,2.17,21.87 %,91.73 %,7.50,3.64,1,$10.00,N/A,$5.40,$3.45,0,$0.80,8.00%,$0.02,1,$1.13,$0.30 /lb,$0.13,$0.00,$0.00,$0.00,$0.00,0,$0.00,,40,undefined,"7.87, 5.00, 1.10 in, 0.44 lbs",7.87,5.00,1.10,0.44,N/A,Computer
"06/30/2025, 03:30 AM PDT","06/30/2025, 06:30 AM EDT","06/30/2025, 05:30 AM CDT","06/30/2025, 03:30 AM PDT","SOUR PATCH KIDS Soft & Chewy Valentines Day Candy Hearts, 3.1 oz",332570183,70462008890,3 oz,2,Sour Patch Kids,Grocery,Sour Candy,N/A,N/A,N/A,https://i5.walmartimages.com/seo/SOUR-PATCH-KIDS-Soft-Chewy-Valentines-Day-Candy-Hearts-3-1-oz_bd2e0cbc-0304-4f33-b83e-c68503cfad4b.c76f842822bf94cca7b2fbebe1a72eba.jpeg,,N/A,https://www.walmart.com/ip/332570183,1.35,https://www.amazon.com/dp/B0B14GJ29M,https://www.amazon.com/s?k=SOUR%20PATCH%20KIDS%20Soft%20%26%20Chewy%20Valentines%20Day%20Candy%20Hearts%2C%203.1%20oz,https://www.ebay.com/sch/i.html?_nkw=SOUR%20PATCH%20KIDS%20Soft%20%26%20Chewy%20Valentines%20Day%20Candy%20Hearts%2C%203.1%20oz,https://www.google.com/search?q=SOUR%20PATCH%20KIDS%20Soft%20%26%20Chewy%20Valentines%20Day%20Candy%20Hearts%2C%203.1%20oz,https://seller.walmart.com/catalog/add-items?search=332570183,N/A,yes,no,no,2,0,2,37,Candy Retailer,mfn,$7.24,31,$7.24,$7.25,7.24,1.35,0.79,10.85 %,58.18 %,6.30,1.71,1,$3.99,N/A,$5.10,$3.45,0,$0.58,8.00%,$0.01,1,$1.07,$0.30 /lb,$0.07,$0.00,$0.00,$0.00,$0.00,0,$0.00,,46,"undefined,undefined,undefined","6.18, 3.74, 0.94 in, 0.22 lbs",6.18,3.74,0.94,0.22,N/A,Computer
"06/30/2025, 03:37 AM PDT","06/30/2025, 06:37 AM EDT","06/30/2025, 05:37 AM CDT","06/30/2025, 03:37 AM PDT","SOUR PATCH KIDS Zombie Orange & Purple Soft & Chewy Halloween Candy, 3.5 oz",155972845,70462002782,Single,1,Sour Patch Kids,Grocery,Gummy Candy,N/A,N/A,N/A,https://i5.walmartimages.com/seo/SOUR-PATCH-KIDS-Zombie-Orange-Purple-Soft-Chewy-Halloween-Candy-3-5-oz_4962eec0-9794-4620-9f35-1129101f4766.044d003d07da38e9bb4aa7fa5bcb62d8.jpeg,,N/A,https://www.walmart.com/ip/155972845,1.29,https://www.amazon.com/dp/B075KMKXS9,https://www.amazon.com/s?k=SOUR%20PATCH%20KIDS%20Zombie%20Orange%20%26%20Purple%20Soft%20%26%20Chewy%20Halloween%20Candy%2C%203.5%20oz,https://www.ebay.com/sch/i.html?_nkw=SOUR%20PATCH%20KIDS%20Zombie%20Orange%20%26%20Purple%20Soft%20%26%20Chewy%20Halloween%20Candy%2C%203.5%20oz,https://www.google.com/search?q=SOUR%20PATCH%20KIDS%20Zombie%20Orange%20%26%20Purple%20Soft%20%26%20Chewy%20Halloween%20Candy%2C%203.5%20oz,https://seller.walmart.com/catalog/add-items?search=155972845,N/A,no,no,no,2,1,1,26,CMJ Capital Investments,wfs,$8.99,20,$8.99,$8.99,8.99,1.29,2.45,27.23 %,189.75 %,6.25,2.99,1,$6.89,N/A,$5.25,$3.45,0,$0.72,8.00%,$0.01,1,$1.07,$0.30 /lb,$0.07,$0.00,$0.00,$0.00,$0.00,0,$0.00,,28,"undefined,undefined","6.10, 3.82, 0.79 in, 0.25 lbs",6.10,3.82,0.79,0.25,N/A,Computer
"06/30/2025, 03:50 AM PDT","06/30/2025, 06:50 AM EDT","06/30/2025, 05:50 AM CDT","06/30/2025, 03:50 AM PDT","Sour Punch Bites, Blue Raspberry Chewy Candy Pieces, 5oz Bag",137871015,41364087306,N/A,N/A,Sour Punch,Grocery,Chewy Candy,N/A,N/A,8730,https://i5.walmartimages.com/seo/Sour-Punch-Bites-Blue-Raspberry-Chewy-Candy-Pieces-5oz-Bag_f9313d2d-d993-4e87-9caf-5c1cc3668fee.7c5bf3e87e3e9d953cf5a6ecec851099.jpeg,,N/A,https://www.walmart.com/ip/137871015,1.39,https://www.amazon.com/dp/B0D87RNJ42,https://www.amazon.com/s?k=Sour%20Punch%20Bites%2C%20Blue%20Raspberry%20Chewy%20Candy%20Pieces%2C%205oz%20Bag,https://www.ebay.com/sch/i.html?_nkw=Sour%20Punch%20Bites%2C%20Blue%20Raspberry%20Chewy%20Candy%20Pieces%2C%205oz%20Bag,https://www.google.com/search?q=Sour%20Punch%20Bites%2C%20Blue%20Raspberry%20Chewy%20Candy%20Pieces%2C%205oz%20Bag,https://seller.walmart.com/catalog/add-items?search=137871015,N/A,no,no,no,5,0,5,253,Candy Retailer,mfn,$7.95,56,$7.95,$9.69,7.95,1.39,1.36,17.06 %,97.56 %,6.40,2.20,1,OOS,N/A,$5.20,$3.45,0,$0.64,8.00%,$0.02,1,$1.10,$0.30 /lb,$0.10,$0.00,$0.00,$0.00,$0.00,0,$0.00,,18,undefined,"6.22, 4.92, 1.42 in, 0.33 lbs",6.22,4.92,1.42,0.33,N/A,Computer
"06/30/2025, 03:51 AM PDT","06/30/2025, 06:51 AM EDT","06/30/2025, 05:51 AM CDT","06/30/2025, 03:51 AM PDT",Sour Punch Bites Pickle Roulette Candy 5 oz,5137440421,41364881317,N/A,N/A,Sour Punch,Grocery,Sour Candy,N/A,N/A,N/A,https://i5.walmartimages.com/seo/Sour-Punch-Bites-Pickle-Roulette-Candy-5-oz_c3fe332a-5517-4846-881e-22ba09ec443a.c1bac9f42be02d32108e5e4c392cb6c5.jpeg,,N/A,https://www.walmart.com/ip/5137440421,1.39,https://www.amazon.com/dp/B0CRSKHD5K,https://www.amazon.com/s?k=Sour%20Punch%20Bites%20Pickle%20Roulette%20Candy%205%20oz,https://www.ebay.com/sch/i.html?_nkw=Sour%20Punch%20Bites%20Pickle%20Roulette%20Candy%205%20oz,https://www.google.com/search?q=Sour%20Punch%20Bites%20Pickle%20Roulette%20Candy%205%20oz,https://seller.walmart.com/catalog/add-items?search=5137440421,N/A,no,no,no,3,1,2,997,Sky Dragon Corp,wfs,$6.49,7,$6.30,$6.99,6.49,1.39,0.02,0.30 %,1.42 %,6.40,1.13,1,$3.80,N/A,$5.08,$3.45,0,$0.52,8.00%,$0.02,1,$1.09,$0.30 /lb,$0.09,$0.00,$0.00,$0.00,$0.00,0,$0.00,,62,"undefined,undefined","6.61, 5.00, 1.26 in, 0.31 lbs",6.61,5.00,1.26,0.31,N/A,Computer
"06/30/2025, 03:53 AM PDT","06/30/2025, 06:53 AM EDT","06/30/2025, 05:53 AM CDT","06/30/2025, 03:53 AM PDT","SOUR PUNCH Bites, Rad Reds Fruity Flavors Chewy Candy, 5oz Bag",463573631,41364087085,N/A,N/A,Sour Punch,Grocery,Sour Candy,N/A,N/A,8734,https://i5.walmartimages.com/seo/SOUR-PUNCH-Bites-Rad-Reds-Fruity-Flavors-Chewy-Candy-5oz-Bag_70ac05cc-962e-49a1-804f-ef3632b9341c.33dabbd1ee7340ead19f261b079ce981.jpeg,,N/A,https://www.walmart.com/ip/463573631,1.39,https://www.amazon.com/dp/B08JTYP557,https://www.amazon.com/s?k=SOUR%20PUNCH%20Bites%2C%20Rad%20Reds%20Fruity%20Flavors%20Chewy%20Candy%2C%205oz%20Bag,https://www.ebay.com/sch/i.html?_nkw=SOUR%20PUNCH%20Bites%2C%20Rad%20Reds%20Fruity%20Flavors%20Chewy%20Candy%2C%205oz%20Bag,https://www.google.com/search?q=SOUR%20PUNCH%20Bites%2C%20Rad%20Reds%20Fruity%20Flavors%20Chewy%20Candy%2C%205oz%20Bag,https://seller.walmart.com/catalog/add-items?search=463573631,undefined,no,no,no,9,6,3,1862,Accelerated Ecom,wfs,$6.64,109,$6.64,$9.69,6.64,1.39,0.16,2.45 %,11.70 %,6.40,1.24,1,$10.33,N/A,$5.09,$3.45,0,$0.53,8.00%,$0.01,1,$1.10,$0.30 /lb,$0.10,$0.00,$0.00,$0.00,$0.00,0,$0.00,,40,undefined,"4.80, 3.98, 1.22 in, 0.32 lbs",4.80,3.98,1.22,0.32,N/A,Computer
"06/30/2025, 03:57 AM PDT","06/30/2025, 06:57 AM EDT","06/30/2025, 05:57 AM CDT","06/30/2025, 03:57 AM PDT",Sour Punch Gummies Assorted Sour Candy 6.75oz Bag,5582486031,41364881287,N/A,N/A,Sour Punch,Grocery,Sour Candy,N/A,N/A,N/A,https://i5.walmartimages.com/seo/Sour-Punch-Gummies-Candy-Assorted-Sour-Candy-6-75-Ounce-Bag_828ad85f-2f68-4151-bec9-a74d7276e27d.4a6aee50e5b0afc51932a063579b56e5.jpeg,,N/A,https://www.walmart.com/ip/5582486031,2.26,https://www.amazon.com/dp/B0FBX85YY1,https://www.amazon.com/s?k=Sour%20Punch%20Gummies%20Assorted%20Sour%20Candy%206.75oz%20Bag,https://www.ebay.com/sch/i.html?_nkw=Sour%20Punch%20Gummies%20Assorted%20Sour%20Candy%206.75oz%20Bag,https://www.google.com/search?q=Sour%20Punch%20Gummies%20Assorted%20Sour%20Candy%206.75oz%20Bag,https://seller.walmart.com/catalog/add-items?search=5582486031,N/A,no,no,no,4,1,3,68,Hominics Essentials,wfs,$7.46,10,$7.46,$14.98,7.46,2.26,0.01,0.07 %,0.25 %,7.35,1.81,1,OOS,N/A,$5.19,$3.45,0,$0.60,8.00%,$0.02,1,$1.12,$0.30 /lb,$0.12,$0.00,$0.00,$0.00,$0.00,0,$0.00,,143,undefined,"6.81, 5.31, 1.57 in, 0.41 lbs",6.81,5.31,1.57,0.41,N/A,Computer
"06/30/2025, 03:59 AM PDT","06/30/2025, 06:59 AM EDT","06/30/2025, 05:59 AM CDT","06/30/2025, 03:59 AM PDT","Sour Punch Santa Straws Holiday Candy, 3.2oz King Size Tray",616264345,41364880600,"3.2 oz, Single",2,Sour Punch,Grocery,Fruit Flavored Candy,N/A,N/A,N/A,https://i5.walmartimages.com/seo/Sour-Punch-Santa-Straws-Holiday-Candy-3-2oz-King-Size-Tray_5f85e90b-8d04-42cb-bc42-25181f623e00.ac062fe086857d3ae59ec7ad6e4ee5ce.png,,N/A,https://www.walmart.com/ip/616264345,1.36,https://www.amazon.com/dp/B0CNBHS7DZ,https://www.amazon.com/s?k=Sour%20Punch%20Santa%20Straws%20Holiday%20Candy%2C%203.2oz%20King%20Size%20Tray,https://www.ebay.com/sch/i.html?_nkw=Sour%20Punch%20Santa%20Straws%20Holiday%20Candy%2C%203.2oz%20King%20Size%20Tray,https://www.google.com/search?q=Sour%20Punch%20Santa%20Straws%20Holiday%20Candy%2C%203.2oz%20King%20Size%20Tray,https://seller.walmart.com/catalog/add-items?search=616264345,N/A,no,no,no,3,0,3,140,Smile 'n' Save,mfn,$7.65,10,$7.65,$10.55,7.65,1.36,1.14,14.88 %,83.68 %,6.35,2.00,1,$3.99,N/A,$5.15,$3.45,0,$0.61,8.00%,$0.01,1,$1.08,$0.30 /lb,$0.08,$0.00,$0.00,$0.00,$0.00,0,$0.00,,13,"undefined,undefined,undefined","9.29, 3.15, 0.94 in, 0.26 lbs",9.29,3.15,0.94,0.26,N/A,Computer
"06/30/2025, 04:19 AM PDT","06/30/2025, 07:19 AM EDT","06/30/2025, 06:19 AM CDT","06/30/2025, 04:19 AM PDT",South of France lmond Gourmande Foaming Hand Wash 8 oz,163364227,856885201939,N/A,N/A,South of France,Health & Personal Care,Hand Soaps,N/A,N/A,856885201939,https://i5.walmartimages.com/seo/South-of-France-lmond-Gourmande-Foaming-Hand-Wash-8-oz_977625fa-68a1-4e27-8610-dde4a21722a4.d2c06dfc689ee67f2af0f5efcca36998.jpeg,,N/A,https://www.walmart.com/ip/163364227,3.24,https://www.amazon.com/dp/B01BHF671W,https://www.amazon.com/s?k=South%20of%20France%20lmond%20Gourmande%20Foaming%20Hand%20Wash%208%20oz,https://www.ebay.com/sch/i.html?_nkw=South%20of%20France%20lmond%20Gourmande%20Foaming%20Hand%20Wash%208%20oz,https://www.google.com/search?q=South%20of%20France%20lmond%20Gourmande%20Foaming%20Hand%20Wash%208%20oz,https://seller.walmart.com/catalog/add-items?search=163364227,undefined,no,no,no,1,0,1,17,iHerb,mfn,$9.37,17,$9.37,$9.37,9.37,3.24,0.72,7.68 %,22.22 %,8.50,3.17,1,$8.59,N/A,$5.41,$3.45,0,$0.75,8.00%,$0.01,1,$1.20,$0.30 /lb,$0.20,$0.00,$0.00,$0.00,$0.00,0,$0.00,,281,"undefined,undefined","6.34, 2.64, 1.73 in, 0.66 lbs",6.34,2.64,1.73,0.66,N/A,Computer
"06/30/2025, 04:31 AM PDT","06/30/2025, 07:31 AM EDT","06/30/2025, 06:31 AM CDT","06/30/2025, 04:31 AM PDT","Soy Vay Less Sodium Veri Veri Teriyaki Marinade and Sauce, 21 fl oz",39174526,88177227758,N/A,N/A,Soy Vay,Grocery,Cooking Sauces & Marinades,N/A,N/A,22775,https://i5.walmartimages.com/seo/Soy-Vay-Less-Sodium-Veri-Veri-Teriyaki-Marinade-and-Sauce-21-fl-oz_cdcffe1c-1920-4b46-8b29-669ca87b2dbd.b017574267a48c5623b376ece936c254.jpeg,,N/A,https://www.walmart.com/ip/39174526,4.02,https://www.amazon.com/dp/B00VS81SM2,https://www.amazon.com/s?k=Soy%20Vay%20Less%20Sodium%20Veri%20Veri%20Teriyaki%20Marinade%20and%20Sauce%2C%2021%20fl%20oz,https://www.ebay.com/sch/i.html?_nkw=Soy%20Vay%20Less%20Sodium%20Veri%20Veri%20Teriyaki%20Marinade%20and%20Sauce%2C%2021%20fl%20oz,https://www.google.com/search?q=Soy%20Vay%20Less%20Sodium%20Veri%20Veri%20Teriyaki%20Marinade%20and%20Sauce%2C%2021%20fl%20oz,https://seller.walmart.com/catalog/add-items?search=39174526,N/A,no,no,no,5,0,5,299,Vitozon,mfn,$15.97,13,$14.99,$19.06,15.97,4.02,4.14,25.91 %,102.93 %,10.15,6.53,1,OOS,N/A,$7.81,$4.95,0,$2.40,15.00%,$0.03,1,$0.44,$0.30 /lb,$0.44,$0.00,$0.00,$0.00,$0.00,0,$0.00,,126,undefined,"6.97, 3.15, 3.03 in, 1.46 lbs",6.97,3.15,3.03,1.46,N/A,Computer
"06/30/2025, 11:33 PM PDT","07/01/2025, 02:33 AM EDT","07/01/2025, 01:33 AM CDT","06/30/2025, 11:33 PM PDT",Spice Hunter Gourmet Ground Chinese Ginger (1.6 Ounces),30956853,81057014202,N/A,N/A,The Spice Hunter,Grocery,Single Herbs & Spices,N/A,N/A,N/A,https://i5.walmartimages.com/seo/Spice-Hunter-Gourmet-Ground-Chinese-Ginger-1-6-Ounces_658663d8-07fb-4a4f-be57-fe25ac03e905.d7d85f96c433fe58bc9974fec0afcd99.jpeg,,N/A,https://www.walmart.com/ip/30956853,5.19,https://www.amazon.com/dp/B004LW0L02,https://www.amazon.com/s?k=Spice%20Hunter%20Gourmet%20Ground%20Chinese%20Ginger%20(1.6%20Ounces),https://www.ebay.com/sch/i.html?_nkw=Spice%20Hunter%20Gourmet%20Ground%20Chinese%20Ginger%20(1.6%20Ounces),https://www.google.com/search?q=Spice%20Hunter%20Gourmet%20Ground%20Chinese%20Ginger%20(1.6%20Ounces),https://seller.walmart.com/catalog/add-items?search=30956853,N/A,no,no,yes,2,1,0,610,Lake5 Distribution,wfs,$12.90,6,$12.90,$12.90,12.9,5.19,3.11,24.10 %,59.90 %,0.00,6.64,1,$12.90,N/A,$4.60,$3.45,0,$1.03,8.00%,$0.01,1,$0.11,$0.30 /lb,$0.11,$0.00,$0.00,$0.00,$0.00,0,$0.00,,1,"undefined,undefined,undefined","4.17, 1.73, 1.65 in, 0.38 lbs",4.17,1.73,1.65,0.38,N/A,Computer
"07/01/2025, 12:13 AM PDT","07/01/2025, 03:13 AM EDT","07/01/2025, 02:13 AM CDT","07/01/2025, 12:13 AM PDT",Solely Organic Mango Fruit Gummy,956737400,850023073006,N/A,N/A,Solely,Grocery,Gummy Candy,N/A,N/A,0850023073006,https://i5.walmartimages.com/seo/Solely-Organic-Mango-Fruit-Gummy_0f10164c-1f94-4006-969f-658c76870164.66b629abc256ec4f74a0a9e354bb6361.png,,N/A,https://www.walmart.com/ip/956737400,4.03,https://www.amazon.com/dp/B08N7XY3Z6,https://www.amazon.com/s?k=Solely%20Organic%20Mango%20Fruit%20Gummy,https://www.ebay.com/sch/i.html?_nkw=Solely%20Organic%20Mango%20Fruit%20Gummy,https://www.google.com/search?q=Solely%20Organic%20Mango%20Fruit%20Gummy,https://seller.walmart.com/catalog/add-items?search=956737400,N/A,no,no,no,1,0,1,2,Tropical food mart,mfn,$12.49,2,$12.49,$12.49,12.49,4.03,3.9,31.25 %,96.85 %,9.25,6.35,1,$4.29,N/A,$4.56,$3.45,0,$1.00,8.00%,$0.02,1,$0.09,$0.30 /lb,$0.09,$0.00,$0.00,$0.00,$0.00,0,$0.00,,24,"undefined,undefined","6.61, 4.17, 1.73 in, 0.29 lbs",6.61,4.17,1.73,0.29,N/A,Computer
"07/01/2025, 12:14 AM PDT","07/01/2025, 03:14 AM EDT","07/01/2025, 02:14 AM CDT","07/01/2025, 12:14 AM PDT","St. Dalfour Semi-Dried Deluxe Figs, 7 oz (200 g)",38308147,84380954351,N/A,N/A,St. Dalfour,Grocery,Dried Fruits,N/A,N/A,STD95435,https://i5.walmartimages.com/seo/St-Dalfour-Semi-Dried-Deluxe-Figs-7-oz-200-g_17b5e6f3-3822-44c6-8bd2-51f1559bfc0d.552db4801ab1394cf824eb588ff3db12.jpeg,,N/A,https://www.walmart.com/ip/38308147,4.36,https://www.amazon.com/dp/B00CQ842QM,https://www.amazon.com/s?k=St.%20Dalfour%20Semi-Dried%20Deluxe%20Figs%2C%207%20oz%20(200%20g),https://www.ebay.com/sch/i.html?_nkw=St.%20Dalfour%20Semi-Dried%20Deluxe%20Figs%2C%207%20oz%20(200%20g),https://www.google.com/search?q=St.%20Dalfour%20Semi-Dried%20Deluxe%20Figs%2C%207%20oz%20(200%20g),https://seller.walmart.com/catalog/add-items?search=38308147,N/A,no,no,no,2,0,2,266,iHerb,mfn,$11.17,237,$11.17,$15.87,11.17,4.36,0.65,5.78 %,14.81 %,10.40,4.00,1,$9.99,N/A,$6.16,$4.95,0,$0.89,8.00%,$0.04,1,$0.28,$0.30 /lb,$0.28,$0.00,$0.00,$0.00,$0.00,0,$0.00,,548,"undefined,undefined","5.20, 4.45, 4.17 in, 0.93 lbs",5.20,4.45,4.17,0.93,N/A,Computer
"07/01/2025, 12:15 AM PDT","07/01/2025, 03:15 AM EDT","07/01/2025, 02:15 AM CDT","07/01/2025, 12:15 AM PDT","St. Dalfour Giant French Pitted Prunes, 7 Oz",30990658,84380952951,N/A,N/A,St. Dalfour,Grocery,Dried Fruits,N/A,N/A,STD95295,https://i5.walmartimages.com/seo/St-Dalfour-Giant-French-Pitted-Prunes-7-Oz_abca3c37-5a2b-432d-8dea-221ee8d69d3c.06ce835f1118e8d0f069d305d9ca4817.jpeg,,N/A,https://www.walmart.com/ip/30990658,4.49,https://www.amazon.com/dp/B005GRC1KE,https://www.amazon.com/s?k=St.%20Dalfour%20Giant%20French%20Pitted%20Prunes%2C%207%20Oz,https://www.ebay.com/sch/i.html?_nkw=St.%20Dalfour%20Giant%20French%20Pitted%20Prunes%2C%207%20Oz,https://www.google.com/search?q=St.%20Dalfour%20Giant%20French%20Pitted%20Prunes%2C%207%20Oz,https://seller.walmart.com/catalog/add-items?search=30990658,N/A,no,no,no,4,1,3,982,OTCRx4U,wfs,$11.16,21,$11.16,$18.73,11.16,4.49,0.52,4.70 %,11.67 %,10.50,4.01,1,$12.93,N/A,$6.15,$4.95,0,$0.89,8.00%,$0.02,1,$0.28,$0.30 /lb,$0.28,$0.00,$0.00,$0.00,$0.00,0,$0.00,,1400,undefined,"4.21, 3.66, 3.62 in, 0.93 lbs",4.21,3.66,3.62,0.93,N/A,Computer
"07/01/2025, 12:17 AM PDT","07/01/2025, 03:17 AM EDT","07/01/2025, 02:17 AM CDT","07/01/2025, 12:17 AM PDT",St. Dalfour - Fruit Spread Apple & Cinnamon,219444008,810019370007,N/A,N/A,St. Dalfour,Grocery,"Jams, Jellies & Preserves",N/A,N/A,STD37000,https://i5.walmartimages.com/seo/St-Dalfour-Fruit-Spread-Apple-Cinnamon_6f3334e1-5cee-4ffc-b0be-47db9ecfce19.d9348a0f281361efea90e2421a896fd7.jpeg,,N/A,https://www.walmart.com/ip/219444008,3.61,https://www.amazon.com/dp/B08F2SVYRM,https://www.amazon.com/s?k=St.%20Dalfour%20-%20Fruit%20Spread%20Apple%20%26%20Cinnamon,https://www.ebay.com/sch/i.html?_nkw=St.%20Dalfour%20-%20Fruit%20Spread%20Apple%20%26%20Cinnamon,https://www.google.com/search?q=St.%20Dalfour%20-%20Fruit%20Spread%20Apple%20%26%20Cinnamon,https://seller.walmart.com/catalog/add-items?search=219444008,N/A,no,no,no,2,0,2,497,iHerb,mfn,$10.73,123,$10.73,$25.97,10.73,3.61,0.95,8.87 %,26.37 %,0.00,3.65,1,OOS,N/A,$6.17,$4.95,0,$0.86,8.00%,$0.03,1,$0.33,$0.30 /lb,$0.33,$0.00,$0.00,$0.00,$0.00,0,$0.00,,289,"undefined,undefined","7.01, 3.98, 2.44 in, 1.10 lbs",7.01,3.98,2.44,1.10,N/A,Computer
"07/01/2025, 12:18 AM PDT","07/01/2025, 03:18 AM EDT","07/01/2025, 02:18 AM CDT","07/01/2025, 12:18 AM PDT","St. Dalfour, Mango & Passion Fruit, All Natural, 100% Fruit Spread, 10 oz",902570718,810019370014,N/A,N/A,St. Dalfour,Grocery,"Jams, Jellies & Preserves",N/A,N/A,STD37001,https://i5.walmartimages.com/seo/St-Dalfour-Mango-Passion-Fruit-All-Natural-100-Fruit-Spread-10-oz_c9a3f44d-b966-46bf-a789-f244b5878dbe.5fbafa13db2ed2f15ae1c282051b9949.jpeg,,N/A,https://www.walmart.com/ip/902570718,3.61,https://www.amazon.com/dp/B07ZS6MLYD,https://www.amazon.com/s?k=St.%20Dalfour%2C%20Mango%20%26%20Passion%20Fruit%2C%20All%20Natural%2C%20100%25%20Fruit%20Spread%2C%2010%20oz,https://www.ebay.com/sch/i.html?_nkw=St.%20Dalfour%2C%20Mango%20%26%20Passion%20Fruit%2C%20All%20Natural%2C%20100%25%20Fruit%20Spread%2C%2010%20oz,https://www.google.com/search?q=St.%20Dalfour%2C%20Mango%20%26%20Passion%20Fruit%2C%20All%20Natural%2C%20100%25%20Fruit%20Spread%2C%2010%20oz,https://seller.walmart.com/catalog/add-items?search=902570718,N/A,no,no,no,1,0,1,15,E-health & Beauty Inc,mfn,$13.99,15,$13.99,$13.99,13.99,3.61,3.93,28.08 %,108.83 %,0.00,6.03,1,OOS,N/A,$6.45,$4.95,0,$1.12,8.00%,$0.03,1,$0.35,$0.30 /lb,$0.35,$0.00,$0.00,$0.00,$0.00,0,$0.00,,336,"undefined,undefined","8.90, 2.95, 2.72 in, 1.17 lbs",8.90,2.95,2.72,1.17,N/A,Computer
"07/01/2025, 12:19 AM PDT","07/01/2025, 03:19 AM EDT","07/01/2025, 02:19 AM CDT","07/01/2025, 12:19 AM PDT","St Dalfour Fruit Spread Deluxe 100 Percent Fruit Raspberry And Pomegranate, 10 Oz",25524445,84380958748,N/A,N/A,St. Dalfour,Grocery,"Jams, Jellies & Preserves",N/A,N/A,STD95874,https://i5.walmartimages.com/seo/St-Dalfour-Fruit-Spread-Deluxe-100-Percent-Fruit-Raspberry-And-Pomegranate-10-Oz_5939f1e0-efc4-472a-90a3-e57c7627fbd6.750ff635f9341b5e6c1ca65dfc3d0647.jpeg,,N/A,https://www.walmart.com/ip/25524445,3.61,https://www.amazon.com/dp/B005GX80QW,https://www.amazon.com/s?k=St%20Dalfour%20Fruit%20Spread%20Deluxe%20100%20Percent%20Fruit%20Raspberry%20And%20Pomegranate%2C%2010%20Oz,https://www.ebay.com/sch/i.html?_nkw=St%20Dalfour%20Fruit%20Spread%20Deluxe%20100%20Percent%20Fruit%20Raspberry%20And%20Pomegranate%2C%2010%20Oz,https://www.google.com/search?q=St%20Dalfour%20Fruit%20Spread%20Deluxe%20100%20Percent%20Fruit%20Raspberry%20And%20Pomegranate%2C%2010%20Oz,https://seller.walmart.com/catalog/add-items?search=25524445,N/A,no,no,no,2,0,2,110,iHerb,mfn,$10.73,106,$10.73,$12.99,10.73,3.61,0.95,8.85 %,26.29 %,0.00,3.65,1,OOS,N/A,$6.17,$4.95,0,$0.86,8.00%,$0.03,1,$0.34,$0.30 /lb,$0.34,$0.00,$0.00,$0.00,$0.00,0,$0.00,,548,"undefined,undefined","8.31, 2.87, 2.56 in, 1.12 lbs",8.31,2.87,2.56,1.12,N/A,Computer
"07/01/2025, 12:21 AM PDT","07/01/2025, 03:21 AM EDT","07/01/2025, 02:21 AM CDT","07/01/2025, 12:21 AM PDT","St Dalfour Fruit Spread Deluxe 100 Percent Fruit Royal Fig, 10 Oz",29853144,84380959042,N/A,N/A,St. Dalfour,Grocery,"Jams, Jellies & Preserves",N/A,N/A,STD95904,https://i5.walmartimages.com/seo/St-Dalfour-Fruit-Spread-Deluxe-100-Percent-Fruit-Royal-Fig-10-Oz_91592321-dfd4-4ef0-9516-8725a187e077.13ed544324be2c69c5e783dd5762bafe.jpeg,,N/A,https://www.walmart.com/ip/29853144,3.61,https://www.amazon.com/dp/B005GRC4HY,https://www.amazon.com/s?k=St%20Dalfour%20Fruit%20Spread%20Deluxe%20100%20Percent%20Fruit%20Royal%20Fig%2C%2010%20Oz,https://www.ebay.com/sch/i.html?_nkw=St%20Dalfour%20Fruit%20Spread%20Deluxe%20100%20Percent%20Fruit%20Royal%20Fig%2C%2010%20Oz,https://www.google.com/search?q=St%20Dalfour%20Fruit%20Spread%20Deluxe%20100%20Percent%20Fruit%20Royal%20Fig%2C%2010%20Oz,https://seller.walmart.com/catalog/add-items?search=29853144,N/A,no,no,no,5,0,5,166,iHerb,mfn,$10.73,126,$10.73,$15.87,10.73,3.61,0.87,8.10 %,24.08 %,0.00,3.58,1,$39.29,N/A,$6.25,$4.95,0,$0.86,8.00%,$0.08,1,$0.36,$0.30 /lb,$0.36,$0.00,$0.00,$0.00,$0.00,0,$0.00,,597,undefined,"12.44, 5.04, 2.91 in, 1.21 lbs",12.44,5.04,2.91,1.21,N/A,Computer
"07/01/2025, 12:22 AM PDT","07/01/2025, 03:22 AM EDT","07/01/2025, 02:22 AM CDT","07/01/2025, 12:22 AM PDT","St. Dalfour Superfruits, Fruit Spread, Apricot & Chia , 6 oz (170 g)",5984566508,810019371318,N/A,N/A,St. Dalfour,Grocery,"Jams, Jellies & Preserves",N/A,N/A,N/A,https://i5.walmartimages.com/seo/St-Dalfour-Superfruits-Fruit-Spread-Apricot-Chia-6-oz-170-g_ebd4cf96-e60f-487e-aeb0-d48150eab215.764448b408e9a279f44fa45a7db20e31.jpeg,,N/A,https://www.walmart.com/ip/5984566508,3.82,https://www.amazon.com/dp/B0CPFVPT2V,https://www.amazon.com/s?k=St.%20Dalfour%20Superfruits%2C%20Fruit%20Spread%2C%20Apricot%20%26%20Chia%20%2C%206%20oz%20(170%20g),https://www.ebay.com/sch/i.html?_nkw=St.%20Dalfour%20Superfruits%2C%20Fruit%20Spread%2C%20Apricot%20%26%20Chia%20%2C%206%20oz%20(170%20g),https://www.google.com/search?q=St.%20Dalfour%20Superfruits%2C%20Fruit%20Spread%2C%20Apricot%20%26%20Chia%20%2C%206%20oz%20(170%20g),https://seller.walmart.com/catalog/add-items?search=5984566508,N/A,no,no,no,1,0,1,35,iHerb,mfn,$10.00,35,$10.00,$10.00,10,3.82,1.7,16.99 %,44.49 %,9.15,4.42,1,$9.36,N/A,$4.48,$3.45,0,$0.80,8.00%,$0.01,1,$0.22,$0.30 /lb,$0.22,$0.00,$0.00,$0.00,$0.00,0,$0.00,,24,"undefined,undefined","4.13, 2.20, 2.17 in, 0.74 lbs",4.13,2.20,2.17,0.74,N/A,Computer
"07/01/2025, 12:24 AM PDT","07/01/2025, 03:24 AM EDT","07/01/2025, 02:24 AM CDT","07/01/2025, 12:24 AM PDT","St. Dalfour Superfruits, Fruit Spread, Blueberry & Acai , 6 oz (170 g)",5721935855,810019371332,N/A,N/A,St. Dalfour,Grocery,"Jams, Jellies & Preserves",N/A,N/A,N/A,https://i5.walmartimages.com/seo/St-Dalfour-Superfruits-Fruit-Spread-Blueberry-Acai-6-oz-170-g_6e9585e5-1883-4e4e-8ce2-5069fcf7333d.9042ca1e4e83b6e68c0e40359b9c800f.jpeg,,N/A,https://www.walmart.com/ip/5721935855,3.82,https://www.amazon.com/dp/B0CPFX3BLY,https://www.amazon.com/s?k=St.%20Dalfour%20Superfruits%2C%20Fruit%20Spread%2C%20Blueberry%20%26%20Acai%20%2C%206%20oz%20(170%20g),https://www.ebay.com/sch/i.html?_nkw=St.%20Dalfour%20Superfruits%2C%20Fruit%20Spread%2C%20Blueberry%20%26%20Acai%20%2C%206%20oz%20(170%20g),https://www.google.com/search?q=St.%20Dalfour%20Superfruits%2C%20Fruit%20Spread%2C%20Blueberry%20%26%20Acai%20%2C%206%20oz%20(170%20g),https://seller.walmart.com/catalog/add-items?search=5721935855,N/A,no,no,no,1,0,1,54,iHerb,mfn,$10.00,54,$10.00,$10.00,10,3.82,1.7,16.99 %,44.48 %,9.15,4.42,1,OOS,N/A,$4.48,$3.45,0,$0.80,8.00%,$0.01,1,$0.22,$0.30 /lb,$0.22,$0.00,$0.00,$0.00,$0.00,0,$0.00,,25,"undefined,undefined","4.13, 2.20, 2.20 in, 0.74 lbs",4.13,2.20,2.20,0.74,N/A,Computer
"07/01/2025, 12:25 AM PDT","07/01/2025, 03:25 AM EDT","07/01/2025, 02:25 AM CDT","07/01/2025, 12:25 AM PDT","St. Dalfour Superfruits, Fruit Spread, Cherry & Acerola , 6 oz (170 g)",5986274726,810019371325,N/A,N/A,St. Dalfour,Grocery,"Jams, Jellies & Preserves",N/A,N/A,N/A,https://i5.walmartimages.com/seo/St-Dalfour-Superfruits-Fruit-Spread-Cherry-Acerola-6-oz-170-g_075f15be-6165-450d-9eb7-84945fcfa7f0.0d3209cc2b6569f37717d03607a983ed.jpeg,,N/A,https://www.walmart.com/ip/5986274726,3.82,https://www.amazon.com/dp/B0CPFVG7C9,https://www.amazon.com/s?k=St.%20Dalfour%20Superfruits%2C%20Fruit%20Spread%2C%20Cherry%20%26%20Acerola%20%2C%206%20oz%20(170%20g),https://www.ebay.com/sch/i.html?_nkw=St.%20Dalfour%20Superfruits%2C%20Fruit%20Spread%2C%20Cherry%20%26%20Acerola%20%2C%206%20oz%20(170%20g),https://www.google.com/search?q=St.%20Dalfour%20Superfruits%2C%20Fruit%20Spread%2C%20Cherry%20%26%20Acerola%20%2C%206%20oz%20(170%20g),https://seller.walmart.com/catalog/add-items?search=5986274726,N/A,no,no,no,1,0,1,35,iHerb,mfn,$10.00,35,$10.00,$10.00,10,3.82,1.71,17.08 %,44.72 %,9.15,4.42,1,$9.98,N/A,$4.47,$3.45,0,$0.80,8.00%,$0.01,1,$0.21,$0.30 /lb,$0.21,$0.00,$0.00,$0.00,$0.00,0,$0.00,,64,"undefined,undefined","4.13, 2.20, 2.17 in, 0.71 lbs",4.13,2.20,2.17,0.71,N/A,Computer
"07/01/2025, 12:26 AM PDT","07/01/2025, 03:26 AM EDT","07/01/2025, 02:26 AM CDT","07/01/2025, 12:26 AM PDT","St. Dalfour Superfruits, Fruit Spread, Strawberry & Goji , 6 oz (170 g)",5715649950,810019371301,N/A,N/A,St. Dalfour,Grocery,"Jams, Jellies & Preserves",N/A,N/A,N/A,https://i5.walmartimages.com/seo/St-Dalfour-Superfruits-Fruit-Spread-Strawberry-Goji-6-oz-170-g_ba83161e-f0da-44dd-83a3-7732fd8234d1.b99cc40a12e447e2405dab555f53c495.jpeg,,N/A,https://www.walmart.com/ip/5715649950,3.82,https://www.amazon.com/dp/B0CPFX36JG,https://www.amazon.com/s?k=St.%20Dalfour%20Superfruits%2C%20Fruit%20Spread%2C%20Strawberry%20%26%20Goji%20%2C%206%20oz%20(170%20g),https://www.ebay.com/sch/i.html?_nkw=St.%20Dalfour%20Superfruits%2C%20Fruit%20Spread%2C%20Strawberry%20%26%20Goji%20%2C%206%20oz%20(170%20g),https://www.google.com/search?q=St.%20Dalfour%20Superfruits%2C%20Fruit%20Spread%2C%20Strawberry%20%26%20Goji%20%2C%206%20oz%20(170%20g),https://seller.walmart.com/catalog/add-items?search=5715649950,N/A,no,no,no,2,0,2,52,iHerb,mfn,$10.00,46,$10.00,$16.71,10,3.82,1.7,17.00 %,44.49 %,9.15,4.42,1,$9.98,N/A,$4.48,$3.45,0,$0.80,8.00%,$0.01,1,$0.22,$0.30 /lb,$0.22,$0.00,$0.00,$0.00,$0.00,0,$0.00,,32,"undefined,undefined","4.13, 2.17, 2.17 in, 0.74 lbs",4.13,2.17,2.17,0.74,N/A,Computer
"07/01/2025, 12:29 AM PDT","07/01/2025, 03:29 AM EDT","07/01/2025, 02:29 AM CDT","07/01/2025, 12:29 AM PDT",St. Dalfour 100% Fruit Spread Orange Marmalade 10 oz,10422493,84380957949,N/A,N/A,St. Dalfour,Grocery,Marmalades,N/A,N/A,284014,https://i5.walmartimages.com/seo/St-Dalfour-100-Fruit-Spread-Orange-Marmalade-10-oz_d790d192-23f8-4401-933e-f118fa4c0c90.98ee2e740a66fef8e38f3887bb4dbf16.jpeg,,N/A,https://www.walmart.com/ip/10422493,3.61,https://www.amazon.com/dp/B005ZHF1XO,https://www.amazon.com/s?k=St.%20Dalfour%20100%25%20Fruit%20Spread%20Orange%20Marmalade%2010%20oz,https://www.ebay.com/sch/i.html?_nkw=St.%20Dalfour%20100%25%20Fruit%20Spread%20Orange%20Marmalade%2010%20oz,https://www.google.com/search?q=St.%20Dalfour%20100%25%20Fruit%20Spread%20Orange%20Marmalade%2010%20oz,https://seller.walmart.com/catalog/add-items?search=10422493,N/A,no,no,no,5,0,5,156,iHerb,mfn,$10.73,112,$10.73,$15.27,10.73,3.61,0.97,9.01 %,26.78 %,0.00,3.66,1,$12.40,N/A,$6.15,$4.95,0,$0.86,8.00%,$0.01,1,$0.33,$0.30 /lb,$0.33,$0.00,$0.00,$0.00,$0.00,0,$0.00,,299,undefined,"6.18, 2.40, 2.32 in, 1.10 lbs",6.18,2.40,2.32,1.10,N/A,Computer
"07/01/2025, 12:30 AM PDT","07/01/2025, 03:30 AM EDT","07/01/2025, 02:30 AM CDT","07/01/2025, 12:30 AM PDT","St Dalfour Fruit Spread Deluxe 100 Percent Fruit Four Fruits, 10 Oz",10533376,84380957840,N/A,N/A,St. Dalfour,Grocery,"Jams, Jellies & Preserves",N/A,N/A,SD00001,https://i5.walmartimages.com/seo/St-Dalfour-Fruit-Spread-Deluxe-100-Percent-Fruit-Four-Fruits-10-Oz_a0d239d3-c649-4d34-ba3e-5e0279899092.92e7ebb30fe5cd7f2ee3e9fba28b0967.jpeg,,N/A,https://www.walmart.com/ip/10533376,3.61,https://www.amazon.com/dp/B005GTV2K2,https://www.amazon.com/s?k=St%20Dalfour%20Fruit%20Spread%20Deluxe%20100%20Percent%20Fruit%20Four%20Fruits%2C%2010%20Oz,https://www.ebay.com/sch/i.html?_nkw=St%20Dalfour%20Fruit%20Spread%20Deluxe%20100%20Percent%20Fruit%20Four%20Fruits%2C%2010%20Oz,https://www.google.com/search?q=St%20Dalfour%20Fruit%20Spread%20Deluxe%20100%20Percent%20Fruit%20Four%20Fruits%2C%2010%20Oz,https://seller.walmart.com/catalog/add-items?search=10533376,N/A,no,no,no,3,0,3,69,iHerb,mfn,$10.73,61,$10.73,$17.97,10.73,3.61,0.95,8.88 %,26.38 %,0.00,3.65,1,$46.99,N/A,$6.17,$4.95,0,$0.86,8.00%,$0.01,1,$0.34,$0.30 /lb,$0.34,$0.00,$0.00,$0.00,$0.00,0,$0.00,,304,"undefined,undefined","5.91, 2.36, 2.36 in, 1.15 lbs",5.91,2.36,2.36,1.15,N/A,Computer
"07/01/2025, 12:31 AM PDT","07/01/2025, 03:31 AM EDT","07/01/2025, 02:31 AM CDT","07/01/2025, 12:31 AM PDT","St Dalfour Fruit Spread Deluxe 100 Percent Fruit Thick Apricot, 10 Oz",30424843,84380957543,N/A,N/A,St. Dalfour,Grocery,"Jams, Jellies & Preserves",N/A,N/A,0316141,https://i5.walmartimages.com/seo/St-Dalfour-Fruit-Spread-Deluxe-100-Percent-Fruit-Thick-Apricot-10-Oz_53472f04-0262-48cf-9554-29174f011c5f.0a64014a646568f8ce96eb648a689041.jpeg,,N/A,https://www.walmart.com/ip/30424843,3.61,https://www.amazon.com/dp/B005GRC258,https://www.amazon.com/s?k=St%20Dalfour%20Fruit%20Spread%20Deluxe%20100%20Percent%20Fruit%20Thick%20Apricot%2C%2010%20Oz,https://www.ebay.com/sch/i.html?_nkw=St%20Dalfour%20Fruit%20Spread%20Deluxe%20100%20Percent%20Fruit%20Thick%20Apricot%2C%2010%20Oz,https://www.google.com/search?q=St%20Dalfour%20Fruit%20Spread%20Deluxe%20100%20Percent%20Fruit%20Thick%20Apricot%2C%2010%20Oz,https://seller.walmart.com/catalog/add-items?search=30424843,N/A,no,no,no,2,0,2,101,iHerb,mfn,$10.73,98,$10.73,$13.68,10.73,3.61,0.96,8.94 %,26.58 %,0.00,3.66,1,OOS,N/A,$6.16,$4.95,0,$0.86,8.00%,$0.02,1,$0.34,$0.30 /lb,$0.34,$0.00,$0.00,$0.00,$0.00,0,$0.00,,340,"undefined,undefined","6.54, 2.40, 2.36 in, 1.12 lbs",6.54,2.40,2.36,1.12,N/A,Computer
"07/01/2025, 12:34 AM PDT","07/01/2025, 03:34 AM EDT","07/01/2025, 02:34 AM CDT","07/01/2025, 12:34 AM PDT","St Dalfour Fruit Spread Deluxe 100 Percent Fruit Black Cherry, 10 Oz",10533377,84380957048,N/A,N/A,St. Dalfour,Grocery,"Jams, Jellies & Preserves",N/A,N/A,284000,https://i5.walmartimages.com/seo/St-Dalfour-Fruit-Spread-Deluxe-100-Percent-Fruit-Black-Cherry-10-Oz_168b4959-476c-4420-9adb-24e0a9315bde.1be4363a71f2911c077dc6644ca8e4cf.jpeg,,N/A,https://www.walmart.com/ip/10533377,3.61,https://www.amazon.com/dp/B005GWZ55W,https://www.amazon.com/s?k=St%20Dalfour%20Fruit%20Spread%20Deluxe%20100%20Percent%20Fruit%20Black%20Cherry%2C%2010%20Oz,https://www.ebay.com/sch/i.html?_nkw=St%20Dalfour%20Fruit%20Spread%20Deluxe%20100%20Percent%20Fruit%20Black%20Cherry%2C%2010%20Oz,https://www.google.com/search?q=St%20Dalfour%20Fruit%20Spread%20Deluxe%20100%20Percent%20Fruit%20Black%20Cherry%2C%2010%20Oz,https://seller.walmart.com/catalog/add-items?search=10533377,N/A,yes,no,no,5,0,5,204,iHerb,mfn,$10.73,131,$10.73,$15.87,10.73,3.61,0.95,8.86 %,26.32 %,0.00,3.65,1,$48.21,N/A,$6.17,$4.95,0,$0.86,8.00%,$0.03,1,$0.34,$0.30 /lb,$0.34,$0.00,$0.00,$0.00,$0.00,0,$0.00,,417,undefined,"8.31, 2.83, 2.48 in, 1.12 lbs",8.31,2.83,2.48,1.12,N/A,Computer
"07/01/2025, 12:35 AM PDT","07/01/2025, 03:35 AM EDT","07/01/2025, 02:35 AM CDT","07/01/2025, 12:35 AM PDT","St Dalfour Fruit Spread Deluxe 100 Percent Fruit Black Currant, 10 Oz",26176955,84380958045,N/A,N/A,St. Dalfour,Grocery,"Jams, Jellies & Preserves",N/A,N/A,0316182,https://i5.walmartimages.com/seo/St-Dalfour-Fruit-Spread-Deluxe-100-Percent-Fruit-Black-Currant-10-Oz_4bec886a-8aab-45a1-9d52-eda31abdc6de.5cb5d68bd331dbef37e496b9cca56993.jpeg,,N/A,https://www.walmart.com/ip/26176955,3.61,https://www.amazon.com/dp/B005GTV3G0,https://www.amazon.com/s?k=St%20Dalfour%20Fruit%20Spread%20Deluxe%20100%20Percent%20Fruit%20Black%20Currant%2C%2010%20Oz,https://www.ebay.com/sch/i.html?_nkw=St%20Dalfour%20Fruit%20Spread%20Deluxe%20100%20Percent%20Fruit%20Black%20Currant%2C%2010%20Oz,https://www.google.com/search?q=St%20Dalfour%20Fruit%20Spread%20Deluxe%20100%20Percent%20Fruit%20Black%20Currant%2C%2010%20Oz,https://seller.walmart.com/catalog/add-items?search=26176955,N/A,no,no,no,3,0,3,167,iHerb,mfn,$10.73,153,$10.73,$13.48,10.73,3.61,0.95,8.85 %,26.31 %,0.00,3.65,1,$43.28,N/A,$6.17,$4.95,0,$0.86,8.00%,$0.02,1,$0.34,$0.30 /lb,$0.34,$0.00,$0.00,$0.00,$0.00,0,$0.00,,121,"undefined,undefined","6.06, 2.56, 2.52 in, 1.15 lbs",6.06,2.56,2.52,1.15,N/A,Computer
"07/01/2025, 12:36 AM PDT","07/01/2025, 03:36 AM EDT","07/01/2025, 02:36 AM CDT","07/01/2025, 12:36 AM PDT","St Dalfour Fruit Spread Deluxe 100 Percent Fruit Black Raspberry, 10 Oz",29768983,84380957147,N/A,N/A,St. Dalfour,Grocery,"Jams, Jellies & Preserves",N/A,N/A,0316224,https://i5.walmartimages.com/seo/St-Dalfour-Fruit-Spread-Deluxe-100-Percent-Fruit-Black-Raspberry-10-Oz_a79e9407-260c-40ac-bffb-249757798896.664449613647a373d82292f7a722e15d.jpeg,,N/A,https://www.walmart.com/ip/29768983,3.61,https://www.amazon.com/dp/B005GX7WJ8,https://www.amazon.com/s?k=St%20Dalfour%20Fruit%20Spread%20Deluxe%20100%20Percent%20Fruit%20Black%20Raspberry%2C%2010%20Oz,https://www.ebay.com/sch/i.html?_nkw=St%20Dalfour%20Fruit%20Spread%20Deluxe%20100%20Percent%20Fruit%20Black%20Raspberry%2C%2010%20Oz,https://www.google.com/search?q=St%20Dalfour%20Fruit%20Spread%20Deluxe%20100%20Percent%20Fruit%20Black%20Raspberry%2C%2010%20Oz,https://seller.walmart.com/catalog/add-items?search=29768983,N/A,yes,no,no,1,0,1,141,iHerb,mfn,$10.73,141,$10.73,$10.73,10.73,3.61,0.9,8.39 %,24.95 %,0.00,3.61,1,OOS,N/A,$6.22,$4.95,0,$0.86,8.00%,$0.03,1,$0.38,$0.30 /lb,$0.38,$0.00,$0.00,$0.00,$0.00,0,$0.00,,87,"undefined,undefined","8.70, 3.03, 2.87 in, 1.26 lbs",8.70,3.03,2.87,1.26,N/A,Computer
"07/01/2025, 12:38 AM PDT","07/01/2025, 03:38 AM EDT","07/01/2025, 02:38 AM CDT","07/01/2025, 12:38 AM PDT","St Dalfour Fruit Spread Deluxe 100 Percent Fruit Ginger And Orange Marmalade, 10 Oz",25921655,84380958243,N/A,N/A,St. Dalfour,Grocery,"Jams, Jellies & Preserves",N/A,N/A,084380958243,https://i5.walmartimages.com/seo/St-Dalfour-Fruit-Spread-Deluxe-100-Percent-Fruit-Ginger-And-Orange-Marmalade-10-Oz_7b0e99c2-c0aa-4740-b6be-a2a8c4db25dc.5f828410f38fe5e74b311d7088b891d4.jpeg,,N/A,https://www.walmart.com/ip/25921655,3.61,https://www.amazon.com/dp/B07DRC3Y77,https://www.amazon.com/s?k=St%20Dalfour%20Fruit%20Spread%20Deluxe%20100%20Percent%20Fruit%20Ginger%20And%20Orange%20Marmalade%2C%2010%20Oz,https://www.ebay.com/sch/i.html?_nkw=St%20Dalfour%20Fruit%20Spread%20Deluxe%20100%20Percent%20Fruit%20Ginger%20And%20Orange%20Marmalade%2C%2010%20Oz,https://www.google.com/search?q=St%20Dalfour%20Fruit%20Spread%20Deluxe%20100%20Percent%20Fruit%20Ginger%20And%20Orange%20Marmalade%2C%2010%20Oz,https://seller.walmart.com/catalog/add-items?search=25921655,N/A,yes,no,no,1,0,1,31,iHerb,mfn,$10.73,31,$10.73,$10.73,10.73,3.61,0.92,8.62 %,25.62 %,0.00,3.63,1,$32.02,N/A,$6.20,$4.95,0,$0.86,8.00%,$0.04,1,$0.34,$0.30 /lb,$0.34,$0.00,$0.00,$0.00,$0.00,0,$0.00,,111,"undefined,undefined","9.88, 3.31, 2.95 in, 1.15 lbs",9.88,3.31,2.95,1.15,N/A,Computer
"07/01/2025, 12:39 AM PDT","07/01/2025, 03:39 AM EDT","07/01/2025, 02:39 AM CDT","07/01/2025, 12:39 AM PDT","St Dalfour Fruit Spread Deluxe 100 Percent Fruit Golden Peach, 10 Oz",10323767,84380957642,N/A,N/A,St. Dalfour,Grocery,"Jams, Jellies & Preserves",N/A,N/A,STD95764,https://i5.walmartimages.com/seo/St-Dalfour-Fruit-Spread-Deluxe-100-Percent-Fruit-Golden-Peach-10-Oz_9e9542a6-306e-4403-8186-b97c7e0df196.894224f23b3adf9d69fdc6feba49cb91.jpeg,,N/A,https://www.walmart.com/ip/10323767,3.61,https://www.amazon.com/dp/B005GX7ZC2,https://www.amazon.com/s?k=St%20Dalfour%20Fruit%20Spread%20Deluxe%20100%20Percent%20Fruit%20Golden%20Peach%2C%2010%20Oz,https://www.ebay.com/sch/i.html?_nkw=St%20Dalfour%20Fruit%20Spread%20Deluxe%20100%20Percent%20Fruit%20Golden%20Peach%2C%2010%20Oz,https://www.google.com/search?q=St%20Dalfour%20Fruit%20Spread%20Deluxe%20100%20Percent%20Fruit%20Golden%20Peach%2C%2010%20Oz,https://seller.walmart.com/catalog/add-items?search=10323767,N/A,no,no,no,3,0,3,129,iHerb,mfn,$10.73,116,$10.73,$14.78,10.73,3.61,0.96,8.94 %,26.58 %,0.00,3.66,1,$52.04,N/A,$6.16,$4.95,0,$0.86,8.00%,$0.02,1,$0.34,$0.30 /lb,$0.34,$0.00,$0.00,$0.00,$0.00,0,$0.00,,395,"undefined,undefined","6.54, 2.40, 2.36 in, 1.12 lbs",6.54,2.40,2.36,1.12,N/A,Computer
"07/01/2025, 12:40 AM PDT","07/01/2025, 03:40 AM EDT","07/01/2025, 02:40 AM CDT","07/01/2025, 12:40 AM PDT",St. Dalfour Fancy Plum 10oz,25524404,84380957345,N/A,N/A,St. Dalfour,Grocery,"Jams, Jellies & Preserves",N/A,N/A,0316349,https://i5.walmartimages.com/seo/St-Dalfour-Fancy-Plum-10oz_738091f5-94dd-45a6-87f2-55f3fd498b5a.656ccabfa0e26ad7d169618991b08dba.jpeg,,N/A,https://www.walmart.com/ip/25524404,3.61,https://www.amazon.com/dp/B005GWUOFI,https://www.amazon.com/s?k=St.%20Dalfour%20Fancy%20Plum%2010oz,https://www.ebay.com/sch/i.html?_nkw=St.%20Dalfour%20Fancy%20Plum%2010oz,https://www.google.com/search?q=St.%20Dalfour%20Fancy%20Plum%2010oz,https://seller.walmart.com/catalog/add-items?search=25524404,N/A,no,no,no,1,0,1,2,iHerb,mfn,$10.73,2,$10.73,$10.73,10.73,3.61,0.94,8.80 %,26.16 %,0.00,3.64,1,OOS,N/A,$6.18,$4.95,0,$0.86,8.00%,$0.03,1,$0.34,$0.30 /lb,$0.34,$0.00,$0.00,$0.00,$0.00,0,$0.00,,61,"undefined,undefined","7.17, 3.70, 2.72 in, 1.12 lbs",7.17,3.70,2.72,1.12,N/A,Computer
"07/01/2025, 12:57 AM PDT","07/01/2025, 03:57 AM EDT","07/01/2025, 02:57 AM CDT","07/01/2025, 12:57 AM PDT","Starburst Mini Original Fruit Chews Summer Candy, Grab-N-Go - 8 oz Bag",33141054,22000014702,"Original, Single",5,Starburst,Grocery,Chewy Candy,N/A,N/A,MCLANE500374678,https://i5.walmartimages.com/seo/Starburst-Minis-Original-Fruit-Chews-Chewy-Candy-Grab-N-Go-7-Ct-8-oz-Bags_2d48e995-78ba-4b5c-a0c7-bf2f9c749271.47e247f86a742a8bfa650d4e5de5f228.jpeg,,N/A,https://www.walmart.com/ip/33141054,3,https://www.amazon.com/dp/B00NB2M2F0,https://www.amazon.com/s?k=Starburst%20Mini%20Original%20Fruit%20Chews%20Summer%20Candy%2C%20Grab-N-Go%20-%208%20oz%20Bag,https://www.ebay.com/sch/i.html?_nkw=Starburst%20Mini%20Original%20Fruit%20Chews%20Summer%20Candy%2C%20Grab-N-Go%20-%208%20oz%20Bag,https://www.google.com/search?q=Starburst%20Mini%20Original%20Fruit%20Chews%20Summer%20Candy%2C%20Grab-N-Go%20-%208%20oz%20Bag,https://seller.walmart.com/catalog/add-items?search=33141054,N/A,yes,no,no,1,0,1,13,AR MEGADEALS LLC,mfn,$8.98,13,$8.98,$8.98,8.98,3,0.63,7.03 %,21.05 %,8.20,2.91,1,$-0.04,N/A,$5.35,$3.45,0,$0.72,8.00%,$0.03,1,$1.15,$0.30 /lb,$0.15,$0.00,$0.00,$0.00,$0.00,0,$0.00,,7462,"undefined,undefined,undefined","7.68, 5.87, 1.38 in, 0.51 lbs",7.68,5.87,1.38,0.51,N/A,Computer
"07/01/2025, 01:04 AM PDT","07/01/2025, 04:04 AM EDT","07/01/2025, 03:04 AM CDT","07/01/2025, 01:04 AM PDT","Stash Tea Asian Pear Harmony Green Tea Bags, 18 Count",530111251,77652082166,N/A,N/A,Stash Tea,Grocery,Tea Bags,N/A,N/A,08216,https://i5.walmartimages.com/seo/Stash-Tea-Asian-Pear-Harmony-Green-Tea-Bags-18-Count_c0ce34b2-d5f5-4b8e-9b80-11bf882f6b4a.499b25fb75c6afad4bd42fa82f4709cb.jpeg,,N/A,https://www.walmart.com/ip/530111251,2.6,https://www.amazon.com/dp/B07DD4Q6H2,https://www.amazon.com/s?k=Stash%20Tea%20Asian%20Pear%20Harmony%20Green%20Tea%20Bags%2C%2018%20Count,https://www.ebay.com/sch/i.html?_nkw=Stash%20Tea%20Asian%20Pear%20Harmony%20Green%20Tea%20Bags%2C%2018%20Count,https://www.google.com/search?q=Stash%20Tea%20Asian%20Pear%20Harmony%20Green%20Tea%20Bags%2C%2018%20Count,https://seller.walmart.com/catalog/add-items?search=530111251,N/A,yes,no,no,7,2,5,124,Food E Concepts,wfs,$8.99,11,$8.98,$10.02,8.98,2.6,1.12,12.46 %,43.05 %,7.70,2.98,1,$6.45,N/A,$5.26,$3.45,0,$0.72,8.00%,$0.04,1,$1.05,$0.30 /lb,$0.05,$0.00,$0.00,$0.00,$0.00,0,$0.00,,17,undefined,"7.52, 4.25, 2.76 in, 0.18 lbs",7.52,4.25,2.76,0.18,N/A,Computer
"07/01/2025, 01:06 AM PDT","07/01/2025, 04:06 AM EDT","07/01/2025, 03:06 AM CDT","07/01/2025, 01:06 AM PDT","Stash Tea Double Spice Chai Black Tea, 18 Ct",29882239,77652082654,N/A,N/A,Stash Tea,Grocery,Tea Bags,N/A,N/A,KHR-1583,https://i5.walmartimages.com/seo/Stash-Tea-Double-Spice-Chai-Black-Tea-18-Ct_de710e95-d6ed-4494-8390-63650c2eec67_1.a83268174fefbfd3f8bfabc42313c284.jpeg,,N/A,https://www.walmart.com/ip/29882239,2.6,https://www.amazon.com/dp/B00M5ZWF42,https://www.amazon.com/s?k=Stash%20Tea%20Double%20Spice%20Chai%20Black%20Tea%2C%2018%20Ct,https://www.ebay.com/sch/i.html?_nkw=Stash%20Tea%20Double%20Spice%20Chai%20Black%20Tea%2C%2018%20Ct,https://www.google.com/search?q=Stash%20Tea%20Double%20Spice%20Chai%20Black%20Tea%2C%2018%20Ct,https://seller.walmart.com/catalog/add-items?search=29882239,N/A,no,no,no,2,0,2,89,HerbsPro,mfn,$9.27,49,$9.27,$10.02,9.27,2.6,1.33,14.36 %,51.20 %,7.75,3.14,1,$11.97,N/A,$5.34,$3.45,0,$0.74,8.00%,$0.04,1,$1.10,$0.30 /lb,$0.10,$0.00,$0.00,$0.00,$0.00,0,$0.00,,69,"undefined,undefined","6.42, 5.20, 2.91 in, 0.35 lbs",6.42,5.20,2.91,0.35,N/A,Computer
"07/01/2025, 01:07 AM PDT","07/01/2025, 04:07 AM EDT","07/01/2025, 03:07 AM CDT","07/01/2025, 01:07 AM PDT","Stash Tea Peach Black Tea, 20 Ct, 1.3 Oz",29855912,77652082555,N/A,N/A,Stash Tea,Grocery,Tea Bags,N/A,N/A,BG18479,https://i5.walmartimages.com/seo/Stash-Tea-Peach-Black-Tea-20-Ct-1-3-Oz_b2392a42-5c7c-49f3-a0ad-a8656ece89d8.c3a3c22df59f5bed06c0953d09cd011c.jpeg,,N/A,https://www.walmart.com/ip/29855912,2.6,https://www.amazon.com/dp/B01H3EVNBK,https://www.amazon.com/s?k=Stash%20Tea%20Peach%20Black%20Tea%2C%2020%20Ct%2C%201.3%20Oz,https://www.ebay.com/sch/i.html?_nkw=Stash%20Tea%20Peach%20Black%20Tea%2C%2020%20Ct%2C%201.3%20Oz,https://www.google.com/search?q=Stash%20Tea%20Peach%20Black%20Tea%2C%2020%20Ct%2C%201.3%20Oz,https://seller.walmart.com/catalog/add-items?search=29855912,N/A,no,no,no,2,0,2,18,iHerb,mfn,$10.02,8,$9.98,$10.02,10.02,2.6,3.1,30.90 %,119.10 %,7.65,4.56,1,$-0.04,N/A,$4.32,$3.45,0,$0.80,8.00%,$0.02,1,$0.05,$0.30 /lb,$0.05,$0.00,$0.00,$0.00,$0.00,0,$0.00,,31,"undefined,undefined","5.20, 3.31, 2.80 in, 0.17 lbs",5.20,3.31,2.80,0.17,N/A,Computer
"07/01/2025, 01:10 AM PDT","07/01/2025, 04:10 AM EDT","07/01/2025, 03:10 AM CDT","07/01/2025, 01:10 AM PDT","Stash Tea Soothing Chamomile Herbal Tea Bags, 20 Ct",10293757,77652082210,Single,2,Stash Tea,Grocery,Tea Bags,N/A,N/A,8221,https://i5.walmartimages.com/seo/Stash-Tea-Soothing-Chamomile-Herbal-Tea-Bags-20-Ct_d90601f3-e244-491e-abd4-96f4eeae7b82.ec287b8844ae9b0d44c4a56a123a8e4b.jpeg,,N/A,https://www.walmart.com/ip/10293757,2.6,https://www.amazon.com/dp/B00DIGHS4O,https://www.amazon.com/s?k=Stash%20Tea%20Soothing%20Chamomile%20Herbal%20Tea%20Bags%2C%2020%20Ct,https://www.ebay.com/sch/i.html?_nkw=Stash%20Tea%20Soothing%20Chamomile%20Herbal%20Tea%20Bags%2C%2020%20Ct,https://www.google.com/search?q=Stash%20Tea%20Soothing%20Chamomile%20Herbal%20Tea%20Bags%2C%2020%20Ct,https://seller.walmart.com/catalog/add-items?search=10293757,N/A,yes,no,no,9,1,8,1040,SJK Enterprises LLC,wfs,$9.81,1,$8.95,$10.49,8.95,2.6,1.12,12.55 %,43.20 %,7.65,2.98,1,$4.75,N/A,$5.23,$3.45,0,$0.72,8.00%,$0.02,1,$1.04,$0.30 /lb,$0.04,$0.00,$0.00,$0.00,$0.00,0,$0.00,,28,"undefined,undefined","5.20, 3.31, 2.91 in, 0.13 lbs",5.20,3.31,2.91,0.13,N/A,Computer
"07/01/2025, 01:11 AM PDT","07/01/2025, 04:11 AM EDT","07/01/2025, 03:11 AM CDT","07/01/2025, 01:11 AM PDT","Stash Caffeine-Free Herbal Tea Cinnamon Apple Chamomile, 1.4 OZ",28645520,77652082395,N/A,N/A,Stash Tea,Grocery,Tea Bags,N/A,N/A,32390-3pack,https://i5.walmartimages.com/seo/Stash-Caffeine-Free-Herbal-Tea-Cinnamon-Apple-Chamomile-1-4-OZ_7d02f376-4d98-4989-9c40-73eb228f06ce.8f27bbcad2c9bf5443b94cb55dc94bc4.jpeg,,N/A,https://www.walmart.com/ip/28645520,2.6,https://www.amazon.com/dp/B005ZHC88K,https://www.amazon.com/s?k=Stash%20Caffeine-Free%20Herbal%20Tea%20Cinnamon%20Apple%20Chamomile%2C%201.4%20OZ,https://www.ebay.com/sch/i.html?_nkw=Stash%20Caffeine-Free%20Herbal%20Tea%20Cinnamon%20Apple%20Chamomile%2C%201.4%20OZ,https://www.google.com/search?q=Stash%20Caffeine-Free%20Herbal%20Tea%20Cinnamon%20Apple%20Chamomile%2C%201.4%20OZ,https://seller.walmart.com/catalog/add-items?search=28645520,N/A,yes,no,no,7,1,6,92,Green Anchor Marketplace,wfs,$10.00,7,$9.49,$11.89,9.49,2.6,1.61,16.92 %,61.77 %,7.65,3.36,1,OOS,N/A,$5.28,$3.45,0,$0.76,8.00%,$0.02,1,$1.05,$0.30 /lb,$0.05,$0.00,$0.00,$0.00,$0.00,0,$0.00,,45,undefined,"5.20, 3.27, 2.83 in, 0.18 lbs",5.20,3.27,2.83,0.18,N/A,Computer
"07/01/2025, 01:12 AM PDT","07/01/2025, 04:12 AM EDT","07/01/2025, 03:12 AM CDT","07/01/2025, 01:12 AM PDT","Stash Tea Herbal Tea, Cozy Cinnamon, Vanilla Chamomile, Caffeine-Free, 18 Tea Bags, 0.8 oz (25 g)",3470575647,77652745931,N/A,N/A,Stash Tea,Grocery,Tea Bags,N/A,N/A,N/A,https://i5.walmartimages.com/seo/Stash-Tea-Herbal-Tea-Cozy-Cinnamon-Vanilla-Chamomile-Caffeine-Free-18-Tea-Bags-0-8-oz-25-g_20d2b16f-72c9-4de8-af4a-02eca68e80cd.6af72cf21ec76585744d2009b8b7c415.jpeg,,N/A,https://www.walmart.com/ip/3470575647,2.6,N/A,https://www.amazon.com/s?k=Stash%20Tea%20Herbal%20Tea%2C%20Cozy%20Cinnamon%2C%20Vanilla%20Chamomile%2C%20Caffeine-Free%2C%2018%20Tea%20Bags%2C%200.8%20oz%20(25%20g),https://www.ebay.com/sch/i.html?_nkw=Stash%20Tea%20Herbal%20Tea%2C%20Cozy%20Cinnamon%2C%20Vanilla%20Chamomile%2C%20Caffeine-Free%2C%2018%20Tea%20Bags%2C%200.8%20oz%20(25%20g),https://www.google.com/search?q=Stash%20Tea%20Herbal%20Tea%2C%20Cozy%20Cinnamon%2C%20Vanilla%20Chamomile%2C%20Caffeine-Free%2C%2018%20Tea%20Bags%2C%200.8%20oz%20(25%20g),https://seller.walmart.com/catalog/add-items?search=3470575647,N/A,no,no,no,3,0,3,41,"SGDC, LLC",mfn,$8.99,1,$8.99,$10.02,8.99,2.6,1.15,12.79 %,44.23 %,7.65,3.00,1,NA,N/A,$5.24,$3.45,0,$0.72,8.00%,$0.03,1,$1.04,$0.30 /lb,$0.04,$0.00,$0.00,$0.00,$0.00,0,$0.00,,45,"undefined,undefined","5.87, 3.50, 2.91 in, 0.15 lbs",5.87,3.50,2.91,0.15,N/A,Computer
"07/01/2025, 01:13 AM PDT","07/01/2025, 04:13 AM EDT","07/01/2025, 03:13 AM CDT","07/01/2025, 01:13 AM PDT","Stash Tea Decaf Vanilla Chai Tea, 18 Ct, 1.2 Oz",10315934,77652082692,N/A,N/A,Stash Tea,Grocery,Tea Bags,N/A,N/A,00MUHSOHTHK7CB8,https://i5.walmartimages.com/seo/Stash-Tea-Decaf-Vanilla-Chai-Tea-18-Ct-1-2-Oz_da67a61f-369e-4cac-a5be-de41f103b01c.819311171d940b812326518e67360c71.jpeg,,N/A,https://www.walmart.com/ip/10315934,2.6,https://www.amazon.com/dp/B00BFGK65M,https://www.amazon.com/s?k=Stash%20Tea%20Decaf%20Vanilla%20Chai%20Tea%2C%2018%20Ct%2C%201.2%20Oz,https://www.ebay.com/sch/i.html?_nkw=Stash%20Tea%20Decaf%20Vanilla%20Chai%20Tea%2C%2018%20Ct%2C%201.2%20Oz,https://www.google.com/search?q=Stash%20Tea%20Decaf%20Vanilla%20Chai%20Tea%2C%2018%20Ct%2C%201.2%20Oz,https://seller.walmart.com/catalog/add-items?search=10315934,undefined,no,no,no,10,2,8,173,Hidden Gems LLC,wfs,$8.37,28,$8.37,$10.02,8.37,2.6,0.58,6.97 %,22.45 %,7.65,2.55,1,$6.64,N/A,$5.19,$3.45,0,$0.67,8.00%,$0.02,1,$1.04,$0.30 /lb,$0.04,$0.00,$0.00,$0.00,$0.00,0,$0.00,,34,undefined,"5.35, 3.31, 2.83 in, 0.15 lbs",5.35,3.31,2.83,0.15,N/A,Computer
"07/01/2025, 01:14 AM PDT","07/01/2025, 04:14 AM EDT","07/01/2025, 03:14 AM CDT","07/01/2025, 01:14 AM PDT","Stash Decaf Chai Spice Tea Bags, 18 Ct, 1.1 oz",10315935,77652082791,N/A,N/A,Stash Tea,Grocery,Tea Bags,N/A,N/A,8279,https://i5.walmartimages.com/seo/Stash-Decaf-Chai-Spice-Tea-Bags-18-Ct-1-1-oz_fbf3db0f-fe46-4d90-ae8b-7fb9e5cadca2.6134c71a34a06630ddd1830dbb4aa00d.jpeg,,N/A,https://www.walmart.com/ip/10315935,2.6,https://www.amazon.com/dp/B00IYBJ0G2,https://www.amazon.com/s?k=Stash%20Decaf%20Chai%20Spice%20Tea%20Bags%2C%2018%20Ct%2C%201.1%20oz,https://www.ebay.com/sch/i.html?_nkw=Stash%20Decaf%20Chai%20Spice%20Tea%20Bags%2C%2018%20Ct%2C%201.1%20oz,https://www.google.com/search?q=Stash%20Decaf%20Chai%20Spice%20Tea%20Bags%2C%2018%20Ct%2C%201.1%20oz,https://seller.walmart.com/catalog/add-items?search=10315935,N/A,no,no,no,14,5,9,191,Hidden Gems LLC,wfs,$8.00,21,$7.98,$11.99,8,2.6,0.25,3.06 %,9.43 %,7.65,2.28,1,$8.98,N/A,$5.15,$3.45,0,$0.64,8.00%,$0.02,1,$1.04,$0.30 /lb,$0.04,$0.00,$0.00,$0.00,$0.00,0,$0.00,,30,undefined,"5.20, 3.15, 2.80 in, 0.15 lbs",5.20,3.15,2.80,0.15,N/A,Computer
"07/01/2025, 01:17 AM PDT","07/01/2025, 04:17 AM EDT","07/01/2025, 03:17 AM CDT","07/01/2025, 01:17 AM PDT","Stash Earl Grey Black Tea Bags, 20 Ct, 1.3 oz",10293758,77652082272,N/A,N/A,Stash Tea,Grocery,Tea Bags,N/A,N/A,8227,https://i5.walmartimages.com/seo/Stash-Earl-Grey-Black-Tea-Bags-20-Ct-1-3-oz_d1c13481-2c1c-497e-ba00-5513313e3e62.188a09eb7469c087fc55e0f0ae376865.jpeg,,N/A,https://www.walmart.com/ip/10293758,2.6,https://www.amazon.com/dp/B0060BJODW,https://www.amazon.com/s?k=Stash%20Earl%20Grey%20Black%20Tea%20Bags%2C%2020%20Ct%2C%201.3%20oz,https://www.ebay.com/sch/i.html?_nkw=Stash%20Earl%20Grey%20Black%20Tea%20Bags%2C%2020%20Ct%2C%201.3%20oz,https://www.google.com/search?q=Stash%20Earl%20Grey%20Black%20Tea%20Bags%2C%2020%20Ct%2C%201.3%20oz,https://seller.walmart.com/catalog/add-items?search=10293758,N/A,no,no,no,7,4,3,55,Gourmet on the way LLC,wfs,$8.48,5,$7.74,$10.02,8.48,2.6,0.69,8.08 %,26.36 %,7.65,2.63,1,OOS,N/A,$5.19,$3.45,0,$0.68,8.00%,$0.02,1,$1.04,$0.30 /lb,$0.04,$0.00,$0.00,$0.00,$0.00,0,$0.00,,19,undefined,"5.35, 3.31, 2.76 in, 0.15 lbs",5.35,3.31,2.76,0.15,N/A,Computer
"07/01/2025, 01:18 AM PDT","07/01/2025, 04:18 AM EDT","07/01/2025, 03:18 AM CDT","07/01/2025, 01:18 AM PDT","Stash Tea Ginger Peach Green with Matcha Tea, 18 Ct, 1.2 Oz",26965739,77652083651,N/A,N/A,Stash Tea,Grocery,Tea Bags,N/A,N/A,08365,https://i5.walmartimages.com/seo/Stash-Tea-Ginger-Peach-Green-with-Matcha-Tea-18-Ct-1-2-Oz_40a7f756-614f-4389-a6ee-7215513b2682_1.eed502186cea1758a51cf6bd7e25472d.jpeg,,N/A,https://www.walmart.com/ip/26965739,2.6,https://www.amazon.com/dp/B00EF8Z20Q,https://www.amazon.com/s?k=Stash%20Tea%20Ginger%20Peach%20Green%20with%20Matcha%20Tea%2C%2018%20Ct%2C%201.2%20Oz,https://www.ebay.com/sch/i.html?_nkw=Stash%20Tea%20Ginger%20Peach%20Green%20with%20Matcha%20Tea%2C%2018%20Ct%2C%201.2%20Oz,https://www.google.com/search?q=Stash%20Tea%20Ginger%20Peach%20Green%20with%20Matcha%20Tea%2C%2018%20Ct%2C%201.2%20Oz,https://seller.walmart.com/catalog/add-items?search=26965739,N/A,no,no,no,8,1,7,10134,Gourmet on the way LLC,wfs,$9.99,8,$8.96,$13.80,9.99,2.6,2.06,20.66 %,79.36 %,7.65,3.73,1,$8.97,N/A,$5.33,$3.45,0,$0.80,8.00%,$0.02,1,$1.06,$0.30 /lb,$0.06,$0.00,$0.00,$0.00,$0.00,0,$0.00,,52,undefined,"5.12, 3.27, 2.80 in, 0.19 lbs",5.12,3.27,2.80,0.19,N/A,Computer
"07/01/2025, 01:19 AM PDT","07/01/2025, 04:19 AM EDT","07/01/2025, 03:19 AM CDT","07/01/2025, 01:19 AM PDT","Stash Tea Moroccan Mint Mindfulness Green Tea, 20 Ct, 0.9 Oz",29940161,77652082357,Single,2,Stash Tea,Grocery,Tea Bags,N/A,N/A,8235,https://i5.walmartimages.com/seo/Stash-Tea-Moroccan-Mint-Mindfulness-Green-Tea-20-Ct-0-9-Oz_f1aec3da-ea5a-486e-9ac1-8f91b1ece4d4.7050d233829a8121898e6bcee321c7a6.jpeg,,N/A,https://www.walmart.com/ip/29940161,2.6,https://www.amazon.com/dp/B000SR619E,https://www.amazon.com/s?k=Stash%20Tea%20Moroccan%20Mint%20Mindfulness%20Green%20Tea%2C%2020%20Ct%2C%200.9%20Oz,https://www.ebay.com/sch/i.html?_nkw=Stash%20Tea%20Moroccan%20Mint%20Mindfulness%20Green%20Tea%2C%2020%20Ct%2C%200.9%20Oz,https://www.google.com/search?q=Stash%20Tea%20Moroccan%20Mint%20Mindfulness%20Green%20Tea%2C%2020%20Ct%2C%200.9%20Oz,https://seller.walmart.com/catalog/add-items?search=29940161,N/A,no,no,no,10,6,4,260,Fast Shipping Warehouse,wfs,$7.90,2,$7.89,$10.02,7.9,2.6,0.15,1.91 %,5.81 %,7.65,2.20,1,$7.50,N/A,$5.15,$3.45,0,$0.63,8.00%,$0.02,1,$1.04,$0.30 /lb,$0.04,$0.00,$0.00,$0.00,$0.00,0,$0.00,,39,"undefined,undefined","5.51, 3.15, 2.91 in, 0.15 lbs",5.51,3.15,2.91,0.15,N/A,Computer
"07/01/2025, 01:23 AM PDT","07/01/2025, 04:23 AM EDT","07/01/2025, 03:23 AM CDT","07/01/2025, 01:23 AM PDT","Stash Orange Spice Black Tea Bags, 20 Ct, 1.3 oz",30233802,77652082265,N/A,N/A,Stash Tea,Grocery,Tea Bags,N/A,N/A,8226,https://i5.walmartimages.com/seo/Stash-Orange-Spice-Black-Tea-Bags-20-Ct-1-3-oz_7583cf08-4a78-4970-b890-f28bf1da8d4e_3.bec3ef4dc75f616e8efe5768e1d6466c.jpeg,,N/A,https://www.walmart.com/ip/30233802,2.6,https://www.amazon.com/dp/B002HFQP5K,https://www.amazon.com/s?k=Stash%20Orange%20Spice%20Black%20Tea%20Bags%2C%2020%20Ct%2C%201.3%20oz,https://www.ebay.com/sch/i.html?_nkw=Stash%20Orange%20Spice%20Black%20Tea%20Bags%2C%2020%20Ct%2C%201.3%20oz,https://www.google.com/search?q=Stash%20Orange%20Spice%20Black%20Tea%20Bags%2C%2020%20Ct%2C%201.3%20oz,https://seller.walmart.com/catalog/add-items?search=30233802,N/A,yes,no,no,4,1,3,56,Food E Concepts,wfs,$8.99,10,$8.99,$10.02,8.99,2.6,1.15,12.85 %,44.42 %,7.65,3.00,1,$6.20,N/A,$5.24,$3.45,0,$0.72,8.00%,$0.02,1,$1.04,$0.30 /lb,$0.04,$0.00,$0.00,$0.00,$0.00,0,$0.00,,13,undefined,"5.20, 3.31, 2.80 in, 0.15 lbs",5.20,3.31,2.80,0.15,N/A,Computer
"07/01/2025, 01:25 AM PDT","07/01/2025, 04:25 AM EDT","07/01/2025, 03:25 AM CDT","07/01/2025, 01:25 AM PDT","Stash Tea Green Chai Tea, 20 Ct, 1.3 Oz",10293762,77652082524,N/A,N/A,Stash Tea,Grocery,Tea Bags,N/A,N/A,8252,https://i5.walmartimages.com/seo/Stash-Tea-Green-Chai-Tea-20-Ct-1-3-Oz_269cae00-0052-469e-9a4d-ce2fa9892c72.35f9e3992bbf0693441fe53f628eb2a0.jpeg,,N/A,https://www.walmart.com/ip/10293762,2.6,https://www.amazon.com/dp/B005GX7CNE,https://www.amazon.com/s?k=Stash%20Tea%20Green%20Chai%20Tea%2C%2020%20Ct%2C%201.3%20Oz,https://www.ebay.com/sch/i.html?_nkw=Stash%20Tea%20Green%20Chai%20Tea%2C%2020%20Ct%2C%201.3%20Oz,https://www.google.com/search?q=Stash%20Tea%20Green%20Chai%20Tea%2C%2020%20Ct%2C%201.3%20Oz,https://seller.walmart.com/catalog/add-items?search=10293762,N/A,yes,no,no,7,2,5,130,Gourmet on the way LLC,wfs,$10.01,16,$9.45,$12.03,9.45,2.6,1.57,16.60 %,60.35 %,7.65,3.34,1,OOS,N/A,$5.28,$3.45,0,$0.76,8.00%,$0.02,1,$1.05,$0.30 /lb,$0.05,$0.00,$0.00,$0.00,$0.00,0,$0.00,,55,undefined,"5.20, 3.27, 2.83 in, 0.18 lbs",5.20,3.27,2.83,0.18,N/A,Computer
"07/01/2025, 01:26 AM PDT","07/01/2025, 04:26 AM EDT","07/01/2025, 03:26 AM CDT","07/01/2025, 01:26 AM PDT","Stash Spice Dragon Red Chai Herbal Tea Bags, 18 Ct, 1.2 oz",34326337,77652083095,N/A,N/A,Stash Tea,Grocery,Tea Bags,N/A,N/A,8309,https://i5.walmartimages.com/seo/Stash-Spice-Dragon-Red-Chai-Herbal-Tea-Bags-18-Ct-1-2-oz_49690b70-c185-4a0d-b089-9d756cd18e63.6e6ae32eb483e6ba95f06c380cc2754e.jpeg,,N/A,https://www.walmart.com/ip/34326337,2.78,https://www.amazon.com/dp/B00E80UWJW,https://www.amazon.com/s?k=Stash%20Spice%20Dragon%20Red%20Chai%20Herbal%20Tea%20Bags%2C%2018%20Ct%2C%201.2%20oz,https://www.ebay.com/sch/i.html?_nkw=Stash%20Spice%20Dragon%20Red%20Chai%20Herbal%20Tea%20Bags%2C%2018%20Ct%2C%201.2%20oz,https://www.google.com/search?q=Stash%20Spice%20Dragon%20Red%20Chai%20Herbal%20Tea%20Bags%2C%2018%20Ct%2C%201.2%20oz,https://seller.walmart.com/catalog/add-items?search=34326337,N/A,no,no,no,6,0,6,69,VitaminLife,mfn,$9.01,2,$9.01,$11.99,9.01,2.78,0.98,10.93 %,35.41 %,7.85,3.01,1,$6.94,N/A,$5.25,$3.45,0,$0.72,8.00%,$0.02,1,$1.05,$0.30 /lb,$0.05,$0.00,$0.00,$0.00,$0.00,0,$0.00,,56,undefined,"5.24, 3.23, 2.83 in, 0.18 lbs",5.24,3.23,2.83,0.18,N/A,Computer
"07/01/2025, 01:28 AM PDT","07/01/2025, 04:28 AM EDT","07/01/2025, 03:28 AM CDT","07/01/2025, 01:28 AM PDT","Stash Tea White Tea, Tangerine Honey Daydream , 18 Tea Bags, 1.2 oz (35 g)",1972516738,77652745955,N/A,N/A,Stash Tea,Grocery,Tea Bags,N/A,N/A,N/A,https://i5.walmartimages.com/seo/Stash-Tea-White-Tea-Tangerine-Honey-Daydream-18-Tea-Bags-1-2-oz-35-g_6c1cf971-a1f7-4dc9-81cf-9c85c16cf5c7.b0b0e65d5d37c3b0dea556896d37ce6e.jpeg,,N/A,https://www.walmart.com/ip/1972516738,2.6,N/A,https://www.amazon.com/s?k=Stash%20Tea%20White%20Tea%2C%20Tangerine%20Honey%20Daydream%20%2C%2018%20Tea%20Bags%2C%201.2%20oz%20(35%20g),https://www.ebay.com/sch/i.html?_nkw=Stash%20Tea%20White%20Tea%2C%20Tangerine%20Honey%20Daydream%20%2C%2018%20Tea%20Bags%2C%201.2%20oz%20(35%20g),https://www.google.com/search?q=Stash%20Tea%20White%20Tea%2C%20Tangerine%20Honey%20Daydream%20%2C%2018%20Tea%20Bags%2C%201.2%20oz%20(35%20g),https://seller.walmart.com/catalog/add-items?search=1972516738,N/A,no,no,no,3,0,3,14,iHerb,mfn,$10.02,3,$9.49,$10.48,10.02,2.6,0.69,6.89 %,26.56 %,0.00,2.63,1,NA,N/A,$6.73,$5.45,0,$0.80,8.00%,$0.17,1,$0.31,$0.30 /lb,$0.31,$0.00,$0.00,$0.00,$0.00,0,$0.00,,32,"undefined,undefined","8.58, 7.64, 5.83 in, 1.04 lbs",8.58,7.64,5.83,1.04,N/A,Computer
"07/01/2025, 03:54 AM PDT","07/01/2025, 06:54 AM EDT","07/01/2025, 05:54 AM CDT","07/01/2025, 03:54 AM PDT","Stubb's Gluten Free Dr Pepper Barbecue Sauce, 18 oz Bottle",54067227,734756000129,N/A,N/A,Stubb's,Grocery,Barbecue Sauces,N/A,N/A,734756000129,https://i5.walmartimages.com/seo/Stubb-s-Gluten-Free-Dr-Pepper-Barbecue-Sauce-18-oz-Bottle_3ed21eef-b7d9-430f-b81b-ef79971b09a1.c0ac9f50f5390b95fb0f1cc40014d8b8.jpeg,,N/A,https://www.walmart.com/ip/54067227,5.85,https://www.amazon.com/dp/B017TTBY22,https://www.amazon.com/s?k=Stubb's%20Gluten%20Free%20Dr%20Pepper%20Barbecue%20Sauce%2C%2018%20oz%20Bottle,https://www.ebay.com/sch/i.html?_nkw=Stubb's%20Gluten%20Free%20Dr%20Pepper%20Barbecue%20Sauce%2C%2018%20oz%20Bottle,https://www.google.com/search?q=Stubb's%20Gluten%20Free%20Dr%20Pepper%20Barbecue%20Sauce%2C%2018%20oz%20Bottle,https://seller.walmart.com/catalog/add-items?search=54067227,N/A,yes,no,no,2,0,2,16,Vitozon,mfn,$16.97,14,$16.97,$17.95,16.97,5.85,2.51,14.78 %,42.88 %,12.85,6.69,1,$13.05,N/A,$8.61,$5.45,0,$2.55,15.00%,$0.06,1,$0.56,$0.30 /lb,$0.56,$0.00,$0.00,$0.00,$0.00,0,$0.00,,22,"undefined,undefined","7.52, 4.37, 3.86 in, 1.87 lbs",7.52,4.37,3.86,1.87,N/A,Computer
"07/01/2025, 04:00 AM PDT","07/01/2025, 07:00 AM EDT","07/01/2025, 06:00 AM CDT","07/01/2025, 04:00 AM PDT","Stubb's Gluten Free Soy, Garlic & Red Pepper Beef Marinade, 12 oz Bottle",10324286,734756002017,N/A,N/A,Stubb's,Grocery,Cooking Sauces & Marinades,N/A,N/A,734756002017,https://i5.walmartimages.com/seo/Stubb-s-Gluten-Free-Soy-Garlic-Red-Pepper-Beef-Marinade-12-oz-Bottle_b165a530-ca36-4cf8-a757-5761ac5f2244.5c51947f65f60c1631b0c6aff843bfa3.jpeg,,N/A,https://www.walmart.com/ip/10324286,5.85,https://www.amazon.com/dp/B003DK7BMY,https://www.amazon.com/s?k=Stubb's%20Gluten%20Free%20Soy%2C%20Garlic%20%26%20Red%20Pepper%20Beef%20Marinade%2C%2012%20oz%20Bottle,https://www.ebay.com/sch/i.html?_nkw=Stubb's%20Gluten%20Free%20Soy%2C%20Garlic%20%26%20Red%20Pepper%20Beef%20Marinade%2C%2012%20oz%20Bottle,https://www.google.com/search?q=Stubb's%20Gluten%20Free%20Soy%2C%20Garlic%20%26%20Red%20Pepper%20Beef%20Marinade%2C%2012%20oz%20Bottle,https://seller.walmart.com/catalog/add-items?search=10324286,N/A,yes,no,no,4,0,4,111,Snackathon Foods,mfn,$12.79,37,$12.79,$16.95,12.79,5.85,2.43,19.00 %,41.54 %,10.05,6.62,1,$49.37,N/A,$4.51,$3.45,0,$1.02,8.00%,$0.03,1,$0.01,$0.30 /lb,$0.01,$0.00,$0.00,$0.00,$0.00,0,$0.00,,25,undefined,"10.71, 3.23, 2.05 in, 0.02 lbs",10.71,3.23,2.05,0.02,N/A,Computer
"07/01/2025, 09:55 AM PDT","07/01/2025, 12:55 PM EDT","07/01/2025, 11:55 AM CDT","07/01/2025, 09:55 AM PDT",Sunny Fruit Organic Apricots 8.8oz,747036594,842515006722,Apricot,2,Sunny Fruit,Grocery,Dried Fruits,N/A,N/A,SNF00672,https://i5.walmartimages.com/seo/Sunny-Fruit-Organic-Apricots-8-8oz_3e6331f5-6b20-42ae-8de3-f80e3c01ce5e.f514228ec47cc342f9c31d97ddbbefdf.jpeg,,N/A,https://www.walmart.com/ip/747036594,3.51,https://www.amazon.com/dp/B073MF62YP,https://www.amazon.com/s?k=Sunny%20Fruit%20Organic%20Apricots%208.8oz,https://www.ebay.com/sch/i.html?_nkw=Sunny%20Fruit%20Organic%20Apricots%208.8oz,https://www.google.com/search?q=Sunny%20Fruit%20Organic%20Apricots%208.8oz,https://seller.walmart.com/catalog/add-items?search=747036594,N/A,no,no,no,1,0,1,59,Emayzing LLC,mfn,$13.99,59,$13.99,$13.99,13.99,3.51,5.58,39.89 %,158.98 %,8.95,7.27,1,$9.20,N/A,$4.90,$3.45,0,$1.12,8.00%,$0.14,1,$0.19,$0.30 /lb,$0.19,$0.00,$0.00,$0.00,$0.00,0,$0.00,,2,"undefined,undefined,undefined","12.99, 8.46, 3.03 in, 0.62 lbs",12.99,8.46,3.03,0.62,N/A,Computer
"07/01/2025, 09:57 AM PDT","07/01/2025, 12:57 PM EDT","07/01/2025, 11:57 AM CDT","07/01/2025, 09:57 AM PDT",Sunny Fruit Organic Figs,500337657,842515010125,N/A,N/A,Sunny Fruit,Grocery,Dried Fruits,N/A,N/A,SNF01012,https://i5.walmartimages.com/seo/Sunny-Fruit-Organic-Figs_87b92a91-1856-4637-a53e-04334a23dbf5.a9033c58eb38586876d0090d215d98f5.jpeg,,N/A,https://www.walmart.com/ip/500337657,3.59,https://www.amazon.com/dp/B07BMZ2SXR,https://www.amazon.com/s?k=Sunny%20Fruit%20Organic%20Figs,https://www.ebay.com/sch/i.html?_nkw=Sunny%20Fruit%20Organic%20Figs,https://www.google.com/search?q=Sunny%20Fruit%20Organic%20Figs,https://seller.walmart.com/catalog/add-items?search=500337657,N/A,no,no,no,6,2,4,385,MIDE Distributors,wfs,$10.99,2,$9.98,$14.97,10.99,3.59,2.81,25.58 %,78.30 %,8.95,5.12,1,$14.99,N/A,$4.59,$3.45,0,$0.88,8.00%,$0.07,1,$0.19,$0.30 /lb,$0.19,$0.00,$0.00,$0.00,$0.00,0,$0.00,,15,undefined,"8.46, 6.46, 3.11 in, 0.62 lbs",8.46,6.46,3.11,0.62,N/A,Computer
"07/01/2025, 10:12 AM PDT","07/01/2025, 01:12 PM EDT","07/01/2025, 12:12 PM CDT","07/01/2025, 10:12 AM PDT","Sushi Chef, Black Sesame Seeds (Whole), 3.75 oz (107g), Pantry Staple",28924306,47834060183,Single,2,Sushi Chef,Grocery,Single Herbs & Spices,N/A,N/A,601817,https://i5.walmartimages.com/seo/Sushi-Chef-Black-Sesame-Jobs-3-75-Oz_0e9f97e2-63a5-46c1-9d6f-483035d5e488_1.10eb535ef2bb40bef0b5f3d8d41360ff.jpeg,,N/A,https://www.walmart.com/ip/28924306,2.25,https://www.amazon.com/dp/B00HXSIGV2,https://www.amazon.com/s?k=Sushi%20Chef%2C%20Black%20Sesame%20Seeds%20(Whole)%2C%203.75%20oz%20(107g)%2C%20Pantry%20Staple,https://www.ebay.com/sch/i.html?_nkw=Sushi%20Chef%2C%20Black%20Sesame%20Seeds%20(Whole)%2C%203.75%20oz%20(107g)%2C%20Pantry%20Staple,https://www.google.com/search?q=Sushi%20Chef%2C%20Black%20Sesame%20Seeds%20(Whole)%2C%203.75%20oz%20(107g)%2C%20Pantry%20Staple,https://seller.walmart.com/catalog/add-items?search=28924306,N/A,yes,no,no,2,0,2,12,Ecom star ,mfn,$11.88,5,$11.88,$14.38,11.88,2.25,5.03,42.32 %,223.44 %,7.40,5.82,1,OOS,N/A,$4.60,$3.45,0,$0.95,8.00%,$0.03,1,$0.18,$0.30 /lb,$0.18,$0.00,$0.00,$0.00,$0.00,0,$0.00,,26,"undefined,undefined,undefined","10.63, 2.56, 2.13 in, 0.59 lbs",10.63,2.56,2.13,0.59,N/A,Computer
"07/01/2025, 10:23 AM PDT","07/01/2025, 01:23 PM EDT","07/01/2025, 12:23 PM CDT","07/01/2025, 10:23 AM PDT","SWEDISH FISH and Friends Soft & Chewy Candy, 8.04 oz",527441231,70462009057,N/A,N/A,Swedish Fish,Grocery,Chewy Candy,N/A,N/A,N/A,https://i5.walmartimages.com/seo/SWEDISH-FISH-and-Friends-Soft-Chewy-Candy-8-04-oz_0d670082-c5ef-499f-8b70-1ecf749314fe.2b9f7523d2fbb9cf20eca69aa20d3960.jpeg,,N/A,https://www.walmart.com/ip/527441231,2.11,https://www.amazon.com/dp/B097S7C4VS,https://www.amazon.com/s?k=SWEDISH%20FISH%20and%20Friends%20Soft%20%26%20Chewy%20Candy%2C%208.04%20oz,https://www.ebay.com/sch/i.html?_nkw=SWEDISH%20FISH%20and%20Friends%20Soft%20%26%20Chewy%20Candy%2C%208.04%20oz,https://www.google.com/search?q=SWEDISH%20FISH%20and%20Friends%20Soft%20%26%20Chewy%20Candy%2C%208.04%20oz,https://seller.walmart.com/catalog/add-items?search=527441231,N/A,no,no,no,2,0,2,16,CRECER INC,mfn,$8.88,14,$8.88,$10.92,8.88,2.11,1.43,16.09 %,67.73 %,7.25,2.83,1,OOS,N/A,$5.34,$3.45,0,$0.71,8.00%,$0.02,1,$1.17,$0.30 /lb,$0.17,$0.00,$0.00,$0.00,$0.00,0,$0.00,,55,"undefined,undefined","8.11, 5.08, 0.87 in, 0.55 lbs",8.11,5.08,0.87,0.55,N/A,Computer
"07/01/2025, 10:26 AM PDT","07/01/2025, 01:26 PM EDT","07/01/2025, 12:26 PM CDT","07/01/2025, 10:26 AM PDT","SWEDISH FISH Soft & Chewy Valentines Day Candy, 6.8 oz Heart Shaped Box",866646363,70462007367,N/A,N/A,Swedish Fish,Grocery,Chewy Candy,N/A,N/A,N/A,https://i5.walmartimages.com/seo/SWEDISH-FISH-Soft-Chewy-Valentines-Day-Candy-6-8-oz-Heart-Shaped-Box_e2358dd1-1804-4290-9efa-be7eda93f492.8c3d8178695e612d75cb574d1194a0cd.jpeg,,N/A,https://www.walmart.com/ip/866646363,6.63,https://www.amazon.com/dp/B08KTB13GK,https://www.amazon.com/s?k=SWEDISH%20FISH%20Soft%20%26%20Chewy%20Valentines%20Day%20Candy%2C%206.8%20oz%20Heart%20Shaped%20Box,https://www.ebay.com/sch/i.html?_nkw=SWEDISH%20FISH%20Soft%20%26%20Chewy%20Valentines%20Day%20Candy%2C%206.8%20oz%20Heart%20Shaped%20Box,https://www.google.com/search?q=SWEDISH%20FISH%20Soft%20%26%20Chewy%20Valentines%20Day%20Candy%2C%206.8%20oz%20Heart%20Shaped%20Box,https://seller.walmart.com/catalog/add-items?search=866646363,N/A,yes,no,no,1,0,1,1,Sharks 0 Hut LLC,mfn,$17.70,1,$17.70,$17.70,17.7,6.63,4.76,26.88 %,71.76 %,11.10,9.11,1,$11.00,N/A,$6.31,$3.45,0,$2.65,15.00%,$0.05,1,$0.15,$0.30 /lb,$0.15,$0.00,$0.00,$0.00,$0.00,0,$0.00,,62,"undefined,undefined","7.91, 7.83, 2.01 in, 0.51 lbs",7.91,7.83,2.01,0.51,N/A,Computer
"07/01/2025, 10:31 AM PDT","07/01/2025, 01:31 PM EDT","07/01/2025, 12:31 PM CDT","07/01/2025, 10:31 AM PDT","SWEDISH FISH Tails 2 Flavors in 1 Soft & Chewy Candy, 8 oz",712038845,70462005226,N/A,N/A,Swedish Fish,Grocery,Gummy Candy,N/A,N/A,N/A,https://i5.walmartimages.com/seo/SWEDISH-FISH-Tails-2-Flavors-in-1-Soft-Chewy-Candy-8-oz_a621886d-560a-4305-b5b8-1132c4356057.85e9501605cf6aa7154d9498e80e1257.jpeg,,N/A,https://www.walmart.com/ip/712038845,3.03,https://www.amazon.com/dp/B07NV3W6TL,https://www.amazon.com/s?k=SWEDISH%20FISH%20Tails%202%20Flavors%20in%201%20Soft%20%26%20Chewy%20Candy%2C%208%20oz,https://www.ebay.com/sch/i.html?_nkw=SWEDISH%20FISH%20Tails%202%20Flavors%20in%201%20Soft%20%26%20Chewy%20Candy%2C%208%20oz,https://www.google.com/search?q=SWEDISH%20FISH%20Tails%202%20Flavors%20in%201%20Soft%20%26%20Chewy%20Candy%2C%208%20oz,https://seller.walmart.com/catalog/add-items?search=712038845,N/A,no,no,no,1,0,1,5,Sharks 0 Hut LLC,mfn,$13.90,5,$13.90,$13.90,13.9,3.03,6.12,44.00 %,201.86 %,8.25,7.32,1,OOS,N/A,$4.75,$3.45,0,$1.11,8.00%,$0.04,1,$0.16,$0.30 /lb,$0.16,$0.00,$0.00,$0.00,$0.00,0,$0.00,,41,"undefined,undefined","7.36, 5.12, 2.17 in, 0.52 lbs",7.36,5.12,2.17,0.52,N/A,Computer
"07/01/2025, 11:31 PM PDT","07/02/2025, 02:31 AM EDT","07/02/2025, 01:31 AM CDT","07/01/2025, 11:31 PM PDT","Sweetarts Giant Chewy Candy, 1.5 oz",48545788,79200131166,1 Bag,1,SweeTARTS,Grocery,Chewy Candy,N/A,N/A,554174,https://i5.walmartimages.com/seo/Sweetarts-Giant-Chewy-Candy-1-5-oz_1d0aa341-86eb-46f5-877d-fc6bcc453ff3.fcb6c0e563b8ee4ffe52d4443ae10065.jpeg,,N/A,https://www.walmart.com/ip/48545788,1.2,https://www.amazon.com/dp/B01M72MZID,https://www.amazon.com/s?k=Sweetarts%20Giant%20Chewy%20Candy%2C%201.5%20oz,https://www.ebay.com/sch/i.html?_nkw=Sweetarts%20Giant%20Chewy%20Candy%2C%201.5%20oz,https://www.google.com/search?q=Sweetarts%20Giant%20Chewy%20Candy%2C%201.5%20oz,https://seller.walmart.com/catalog/add-items?search=48545788,N/A,no,no,no,3,0,3,256,That Warehouse LLC,mfn,$6.96,83,$6.96,$8.75,6.96,1.2,0.72,10.41 %,60.36 %,6.10,1.54,1,$5.00,N/A,$5.04,$3.45,0,$0.56,8.00%,$0.00,1,$1.03,$0.30 /lb,$0.03,$0.00,$0.00,$0.00,$0.00,0,$0.00,,21,"undefined,undefined","7.48, 1.65, 0.35 in, 0.09 lbs",7.48,1.65,0.35,0.09,N/A,Computer
"07/01/2025, 11:42 PM PDT","07/02/2025, 02:42 AM EDT","07/02/2025, 01:42 AM CDT","07/01/2025, 11:42 PM PDT","SweeTARTS Chicks, Ducks, & Bunnies Easter Candy, 4.5 oz, Theater Box",182627913,79200128364,N/A,N/A,SweeTARTS,Grocery,Fruit Flavored Candy,N/A,N/A,42260,https://i5.walmartimages.com/seo/SweeTARTS-Chicks-Ducks-Bunnies-Easter-Candy-4-5-oz-Theater-Box_1d67d607-82a6-4de6-9d2b-abc3d0f6832a.2c7897216303dd432d129e767ce06aef.jpeg,,N/A,https://www.walmart.com/ip/182627913,1.48,https://www.amazon.com/dp/B079WJXZ9W,https://www.amazon.com/s?k=SweeTARTS%20Chicks%2C%20Ducks%2C%20%26%20Bunnies%20Easter%20Candy%2C%204.5%20oz%2C%20Theater%20Box,https://www.ebay.com/sch/i.html?_nkw=SweeTARTS%20Chicks%2C%20Ducks%2C%20%26%20Bunnies%20Easter%20Candy%2C%204.5%20oz%2C%20Theater%20Box,https://www.google.com/search?q=SweeTARTS%20Chicks%2C%20Ducks%2C%20%26%20Bunnies%20Easter%20Candy%2C%204.5%20oz%2C%20Theater%20Box,https://seller.walmart.com/catalog/add-items?search=182627913,N/A,yes,no,no,1,0,1,1,limitless55,mfn,$6.98,1,$6.98,$6.98,6.98,1.48,0.38,5.50 %,25.96 %,6.50,1.49,1,OOS,N/A,$5.12,$3.45,0,$0.56,8.00%,$0.01,1,$1.10,$0.30 /lb,$0.10,$0.00,$0.00,$0.00,$0.00,0,$0.00,,54,"undefined,undefined","6.14, 3.46, 0.91 in, 0.33 lbs",6.14,3.46,0.91,0.33,N/A,Computer
"07/01/2025, 11:46 PM PDT","07/02/2025, 02:46 AM EDT","07/02/2025, 01:46 AM CDT","07/01/2025, 11:46 PM PDT",SWEETARTS Soft & Chewy Ropes 5 oz. Pack,47183725,79200249113,N/A,N/A,SweeTARTS,Grocery,Licorice Candy,N/A,N/A,631496,https://i5.walmartimages.com/seo/SWEETARTS-Soft-Chewy-Ropes-5-oz-Pack_cf4613cf-037d-4e01-a326-f03b12161dde.46351139de792d0615e838c543bfbd24.jpeg,,N/A,https://www.walmart.com/ip/47183725,2.56,https://www.amazon.com/dp/B01M1CVRU7,https://www.amazon.com/s?k=SWEETARTS%20Soft%20%26%20Chewy%20Ropes%205%20oz.%20Pack,https://www.ebay.com/sch/i.html?_nkw=SWEETARTS%20Soft%20%26%20Chewy%20Ropes%205%20oz.%20Pack,https://www.google.com/search?q=SWEETARTS%20Soft%20%26%20Chewy%20Ropes%205%20oz.%20Pack,https://seller.walmart.com/catalog/add-items?search=47183725,N/A,yes,no,no,1,0,1,900,Overstock Drugstore,mfn,$9.63,900,$9.63,$9.63,9.63,2.56,1.74,18.10 %,68.08 %,7.65,3.44,1,$4.96,N/A,$5.33,$3.45,0,$0.77,8.00%,$0.02,1,$1.09,$0.30 /lb,$0.09,$0.00,$0.00,$0.00,$0.00,0,$0.00,,560,"undefined,undefined","8.82, 6.14, 0.71 in, 0.30 lbs",8.82,6.14,0.71,0.30,N/A,Computer
"07/01/2025, 11:50 PM PDT","07/02/2025, 02:50 AM EDT","07/02/2025, 01:50 AM CDT","07/01/2025, 11:50 PM PDT",Sweetarts Tangy Strawberry Ropes 5 oz,956484066,79200048884,N/A,N/A,Ferrara,Grocery,Chewy Candy,N/A,N/A,N/A,https://i5.walmartimages.com/seo/Sweetarts-Tangy-Strawberry-Ropes-5-oz_9595643b-0a35-4112-bc20-97dc457b3771.6db1219753af804d19ef213562b88972.jpeg,,N/A,https://www.walmart.com/ip/956484066,2.75,https://www.amazon.com/dp/B08LG97CBX,https://www.amazon.com/s?k=Sweetarts%20Tangy%20Strawberry%20Ropes%205%20oz,https://www.ebay.com/sch/i.html?_nkw=Sweetarts%20Tangy%20Strawberry%20Ropes%205%20oz,https://www.google.com/search?q=Sweetarts%20Tangy%20Strawberry%20Ropes%205%20oz,https://seller.walmart.com/catalog/add-items?search=956484066,N/A,no,no,no,1,0,1,59,Shop The King,mfn,$8.31,59,$8.31,$8.31,8.31,2.75,0.34,4.04 %,12.20 %,7.85,2.47,1,$9.33,N/A,$5.22,$3.45,0,$0.66,8.00%,$0.01,1,$1.10,$0.30 /lb,$0.10,$0.00,$0.00,$0.00,$0.00,0,$0.00,,29,"undefined,undefined","9.06, 4.92, 0.55 in, 0.33 lbs",9.06,4.92,0.55,0.33,N/A,Computer
"07/02/2025, 04:02 AM PDT","07/02/2025, 07:02 AM EDT","07/02/2025, 06:02 AM CDT","07/02/2025, 04:02 AM PDT","Terra Real Vegetable Chips, Blues, 1 oz",31045116,728229789208,N/A,N/A,Terra Chips,Grocery,Snack Chips,Hain Celestial,N/A,728229789208,https://i5.walmartimages.com/seo/Terra-Real-Vegetable-Chips-Blues-1-oz_46cf4d78-50df-4ac2-b192-c7810719582d_1.35bb0b05a95f8ce8804aa6d07bef5c9b.jpeg,,N/A,https://www.walmart.com/ip/31045116,30,https://www.amazon.com/dp/B00FIXV09O,https://www.amazon.com/s?k=Terra%20Real%20Vegetable%20Chips%2C%20Blues%2C%201%20oz,https://www.ebay.com/sch/i.html?_nkw=Terra%20Real%20Vegetable%20Chips%2C%20Blues%2C%201%20oz,https://www.google.com/search?q=Terra%20Real%20Vegetable%20Chips%2C%20Blues%2C%201%20oz,https://seller.walmart.com/catalog/add-items?search=31045116,N/A,no,no,no,2,0,2,4,TRENDMARK ,mfn,$56.98,2,$56.98,$59.99,56.98,30,10.05,17.64 %,33.50 %,45.05,32.04,1,$56.99,N/A,$16.93,$7.35,0,$8.55,15.00%,$0.43,1,$0.60,$0.30 /lb,$0.60,$0.00,$0.00,$0.00,$0.00,0,$0.00,,2,"undefined,undefined","10.00, 10.00, 10.00 in, 2.00 lbs",10.00,10.00,10.00,2.00,N/A,Computer
"07/02/2025, 04:12 AM PDT","07/02/2025, 07:12 AM EDT","07/02/2025, 06:12 AM CDT","07/02/2025, 04:12 AM PDT","Terry's Chocolate Orange, Dark Chocolate with Natural Orange Flavor. 5.53oz Box",832078477,852697008018,Single,2,Terry's Chocolate Orange,Grocery,Chocolate Candy,N/A,N/A,N/A,https://i5.walmartimages.com/seo/Terry-s-Chocolate-Orange-Dark-Chocolate-with-Natural-Orange-Flavor-5-53oz-Box_3c02a2c7-473f-46a0-9c32-147aefc97601.f1275cf236467a82bd8e8e162ac97b89.jpeg,,N/A,https://www.walmart.com/ip/832078477,4.85,https://www.amazon.com/dp/B0CMF9XVY6,https://www.amazon.com/s?k=Terry's%20Chocolate%20Orange%2C%20Dark%20Chocolate%20with%20Natural%20Orange%20Flavor.%205.53oz%20Box,https://www.ebay.com/sch/i.html?_nkw=Terry's%20Chocolate%20Orange%2C%20Dark%20Chocolate%20with%20Natural%20Orange%20Flavor.%205.53oz%20Box,https://www.google.com/search?q=Terry's%20Chocolate%20Orange%2C%20Dark%20Chocolate%20with%20Natural%20Orange%20Flavor.%205.53oz%20Box,https://seller.walmart.com/catalog/add-items?search=832078477,N/A,no,no,no,1,0,1,1,BROADWAY,mfn,$14.95,1,$14.95,$14.95,14.95,4.85,5.32,35.59 %,109.71 %,0.00,8.14,1,OOS,N/A,$4.78,$3.45,0,$1.20,8.00%,$0.01,1,$0.12,$0.30 /lb,$0.12,$0.00,$0.00,$0.00,$0.00,0,$0.00,,86,"undefined,undefined,undefined","3.70, 2.91, 2.83 in, 0.40 lbs",3.70,2.91,2.83,0.40,N/A,Computer
"07/02/2025, 04:13 AM PDT","07/02/2025, 07:13 AM EDT","07/02/2025, 06:13 AM CDT","07/02/2025, 04:13 AM PDT","Terry's Chocolate Ball, Milk Chocolate with Natural Orange Flavor. 5.53oz Box",263035009,852697008001,Single,1,Terry's Chocolate Orange,Grocery,Chocolate Candy,N/A,N/A,N/A,https://i5.walmartimages.com/seo/Terry-s-Chocolate-Ball-Milk-Chocolate-with-Natural-Orange-Flavor-5-53oz-Box_0cbd745d-c7b5-4270-b3b1-2978e6597123.f3ef3d009f7d48d6b2605fb9147860b7.jpeg,,N/A,https://www.walmart.com/ip/263035009,4.85,https://www.amazon.com/dp/B0CMFX4N19,https://www.amazon.com/s?k=Terry's%20Chocolate%20Ball%2C%20Milk%20Chocolate%20with%20Natural%20Orange%20Flavor.%205.53oz%20Box,https://www.ebay.com/sch/i.html?_nkw=Terry's%20Chocolate%20Ball%2C%20Milk%20Chocolate%20with%20Natural%20Orange%20Flavor.%205.53oz%20Box,https://www.google.com/search?q=Terry's%20Chocolate%20Ball%2C%20Milk%20Chocolate%20with%20Natural%20Orange%20Flavor.%205.53oz%20Box,https://seller.walmart.com/catalog/add-items?search=263035009,undefined,no,no,no,2,0,2,8,Food-Grade Direct LLC,mfn,$10.99,2,$10.99,$16.98,10.99,4.85,1.69,15.35 %,34.78 %,0.00,5.23,1,$12.97,N/A,$4.45,$3.45,0,$0.88,8.00%,$0.01,1,$0.11,$0.30 /lb,$0.11,$0.00,$0.00,$0.00,$0.00,0,$0.00,,215,"undefined,undefined","3.74, 2.87, 2.83 in, 0.37 lbs",3.74,2.87,2.83,0.37,N/A,Computer
"07/02/2025, 04:31 AM PDT","07/02/2025, 07:31 AM EDT","07/02/2025, 06:31 AM CDT","07/02/2025, 04:31 AM PDT","RiceSelect Gluten Free Tricolor Quinoa, 22 oz Jar",438556759,74401734222,N/A,N/A,RiceSelect,Grocery,Grains,N/A,N/A,1964477,https://i5.walmartimages.com/seo/RiceSelect-Gluten-Free-Tricolor-Quinoa-22-oz-Jar_902599e6-f5b4-466e-8306-1fae0c95e203.ca6cb7d100a54d852705308cef47e932.jpeg,,N/A,https://www.walmart.com/ip/438556759,6.46,https://www.amazon.com/dp/B0722R49PV,https://www.amazon.com/s?k=RiceSelect%20Gluten%20Free%20Tricolor%20Quinoa%2C%2022%20oz%20Jar,https://www.ebay.com/sch/i.html?_nkw=RiceSelect%20Gluten%20Free%20Tricolor%20Quinoa%2C%2022%20oz%20Jar,https://www.google.com/search?q=RiceSelect%20Gluten%20Free%20Tricolor%20Quinoa%2C%2022%20oz%20Jar,https://seller.walmart.com/catalog/add-items?search=438556759,N/A,no,no,no,1,0,1,9992,Online Grocery Outlet,mfn,$14.49,9992,$14.49,$14.49,14.49,6.46,1.43,9.86 %,22.11 %,12.85,6.31,1,$12.49,N/A,$6.60,$4.95,0,$1.16,8.00%,$0.03,1,$0.46,$0.30 /lb,$0.46,$0.00,$0.00,$0.00,$0.00,0,$0.00,,1,"undefined,undefined","5.47, 3.78, 3.39 in, 1.54 lbs",5.47,3.78,3.39,1.54,N/A,Computer
"07/02/2025, 04:41 AM PDT","07/02/2025, 07:41 AM EDT","07/02/2025, 06:41 AM CDT","07/02/2025, 04:41 AM PDT","Thai Kitchen Gluten Free Pad Thai Noodle Kit, 9 oz",10309674,737628025602,Single,2,Thai Kitchen,Grocery,Noodles,N/A,N/A,358010,https://i5.walmartimages.com/seo/Thai-Kitchen-Gluten-Free-Gluten-Free-Pad-Thai-Noodle-Kit-9-oz-Box_aabcf8a9-47fc-483f-9666-22f5ddc082ab.544153d6ca4bd3b23539fed5785c0d1a.jpeg,,N/A,https://www.walmart.com/ip/10309674,5.35,https://www.amazon.com/dp/B005GXHX6K,https://www.amazon.com/s?k=Thai%20Kitchen%20Gluten%20Free%20Pad%20Thai%20Noodle%20Kit%2C%209%20oz,https://www.ebay.com/sch/i.html?_nkw=Thai%20Kitchen%20Gluten%20Free%20Pad%20Thai%20Noodle%20Kit%2C%209%20oz,https://www.google.com/search?q=Thai%20Kitchen%20Gluten%20Free%20Pad%20Thai%20Noodle%20Kit%2C%209%20oz,https://seller.walmart.com/catalog/add-items?search=10309674,N/A,yes,no,no,1,0,1,35,Fresh Finds,mfn,$10.39,35,$10.39,$10.39,10.39,5.35,0.52,5.00 %,9.72 %,0.00,4.70,1,$104.98,N/A,$4.52,$3.45,0,$0.83,8.00%,$0.03,1,$0.21,$0.30 /lb,$0.21,$0.00,$0.00,$0.00,$0.00,0,$0.00,,51,"undefined,undefined,undefined","6.38, 4.65, 2.01 in, 0.71 lbs",6.38,4.65,2.01,0.71,N/A,Computer
"07/02/2025, 04:48 AM PDT","07/02/2025, 07:48 AM EDT","07/02/2025, 06:48 AM CDT","07/02/2025, 04:48 AM PDT","West Thomas Partners GFB Bites, 4 oz",186671910,853056004047,Single,1,The GFB,Health & Personal Care,"Nutrition Bars, Gels & Chews",N/A,N/A,853056004047,https://i5.walmartimages.com/seo/West-Thomas-Partners-GFB-Bites-4-oz_262b9307-cd49-49d7-a130-540ac06f30a2.610504bea157eddfb1aeb3f0e2342519.jpeg,,N/A,https://www.walmart.com/ip/186671910,3.7,https://www.amazon.com/dp/B00TMACZJS,https://www.amazon.com/s?k=West%20Thomas%20Partners%20GFB%20Bites%2C%204%20oz,https://www.ebay.com/sch/i.html?_nkw=West%20Thomas%20Partners%20GFB%20Bites%2C%204%20oz,https://www.google.com/search?q=West%20Thomas%20Partners%20GFB%20Bites%2C%204%20oz,https://seller.walmart.com/catalog/add-items?search=186671910,N/A,yes,no,no,1,0,1,3,iHerb,mfn,$10.73,3,$10.73,$10.73,10.73,3.7,1.87,17.39 %,50.44 %,8.90,4.45,1,OOS,N/A,$5.16,$3.45,0,$1.61,15.00%,$0.03,1,$0.08,$0.30 /lb,$0.08,$0.00,$0.00,$0.00,$0.00,0,$0.00,,20,"undefined,undefined","7.83, 5.16, 1.50 in, 0.26 lbs",7.83,5.16,1.50,0.26,N/A,Computer
"07/03/2025, 07:11 AM PDT","07/03/2025, 10:11 AM EDT","07/03/2025, 09:11 AM CDT","07/03/2025, 07:11 AM PDT","Thinkthin Bar, High Protein White Chocolate Chip, 2.1 Oz.",26622674,753656706351,N/A,N/A,think!,Health & Personal Care,"Nutrition Bars, Gels & Chews",N/A,N/A,753656706351,https://i5.walmartimages.com/seo/Thinkthin-Bar-High-Protein-White-Chocolate-Chip-2-1-Oz_dbc37ff3-3f4d-4cb3-af76-4ef06e6a2e78_1.f3554129e98f386daa99170f1d1a201e.jpeg,,N/A,https://www.walmart.com/ip/26622674,19,https://www.amazon.com/dp/B002LME9F2,https://www.amazon.com/s?k=Thinkthin%20Bar%2C%20High%20Protein%20White%20Chocolate%20Chip%2C%202.1%20Oz.,https://www.ebay.com/sch/i.html?_nkw=Thinkthin%20Bar%2C%20High%20Protein%20White%20Chocolate%20Chip%2C%202.1%20Oz.,https://www.google.com/search?q=Thinkthin%20Bar%2C%20High%20Protein%20White%20Chocolate%20Chip%2C%202.1%20Oz.,https://seller.walmart.com/catalog/add-items?search=26622674,N/A,no,no,no,3,1,2,12,FrutaSips Store,wfs,$36.18,6,$36.18,$46.61,36.18,19,8.26,22.83 %,43.47 %,26.35,21.81,1,OOS,N/A,$8.92,$3.45,0,$5.43,15.00%,$0.00,1,$0.04,$0.30 /lb,$0.04,$0.00,$0.00,$0.00,$0.00,0,$0.00,,36,undefined,"5.75, 2.25, 0.70 in, 0.13 lbs",5.75,2.25,0.70,0.13,N/A,Computer
"07/04/2025, 03:31 AM PDT","07/04/2025, 06:31 AM EDT","07/04/2025, 05:31 AM CDT","07/04/2025, 03:31 AM PDT","THINKTHIN BAR, SALTED CARAMEL, 1.41 OZ.",40214173,753656710969,N/A,N/A,think!,Health & Personal Care,"Nutrition Bars, Gels & Chews",N/A,N/A,753656710969,https://i5.walmartimages.com/seo/THINKTHIN-BAR-SALTED-CARAMEL-1-41-OZ_c675df88-e362-4350-a013-2c91fdfb9f34_1.c7f02b40b8d4f5d477ea308ca8dbb259.jpeg,,N/A,https://www.walmart.com/ip/40214173,13.1,https://www.amazon.com/dp/B00OKUERLY,https://www.amazon.com/s?k=THINKTHIN%20BAR%2C%20SALTED%20CARAMEL%2C%201.41%20OZ.,https://www.ebay.com/sch/i.html?_nkw=THINKTHIN%20BAR%2C%20SALTED%20CARAMEL%2C%201.41%20OZ.,https://www.google.com/search?q=THINKTHIN%20BAR%2C%20SALTED%20CARAMEL%2C%201.41%20OZ.,https://seller.walmart.com/catalog/add-items?search=40214173,N/A,no,no,no,1,1,0,12,Gourmet on the way LLC,wfs,$27.99,12,$27.99,$27.99,27.99,13.1,7.21,25.77 %,55.05 %,19.40,16.25,1,$20.53,N/A,$7.68,$3.45,0,$4.20,15.00%,$0.00,1,$0.03,$0.30 /lb,$0.03,$0.00,$0.00,$0.00,$0.00,0,$0.00,,30,undefined,"6.00, 2.00, 0.50 in, 0.09 lbs",6.00,2.00,0.50,0.09,N/A,Computer
"07/04/2025, 03:32 AM PDT","07/04/2025, 06:32 AM EDT","07/04/2025, 05:32 AM CDT","07/04/2025, 03:32 AM PDT","Thinsters Cookie Thins Crunchy Chocolate Chip Cookies, 4 oz",47703947,840515100044,N/A,N/A,Thinsters,Grocery,Cookies,N/A,N/A,0840515100044,https://i5.walmartimages.com/seo/Thinsters-Cookie-Thins-Crunchy-Chocolate-Chip-Cookies-4-oz_05636e52-8b9b-4b18-8f0a-b4af0434bd91.0ab5ee9f9a12249d24e22f0905a393cd.jpeg,,N/A,https://www.walmart.com/ip/47703947,3.6,https://www.amazon.com/dp/B07JBRK5KG,https://www.amazon.com/s?k=Thinsters%20Cookie%20Thins%20Crunchy%20Chocolate%20Chip%20Cookies%2C%204%20oz,https://www.ebay.com/sch/i.html?_nkw=Thinsters%20Cookie%20Thins%20Crunchy%20Chocolate%20Chip%20Cookies%2C%204%20oz,https://www.google.com/search?q=Thinsters%20Cookie%20Thins%20Crunchy%20Chocolate%20Chip%20Cookies%2C%204%20oz,https://seller.walmart.com/catalog/add-items?search=47703947,N/A,no,no,no,1,0,1,4,Shop Jada's,mfn,$12.95,4,$12.95,$12.95,12.95,3.6,4.71,36.39 %,130.91 %,8.85,6.65,1,$12.18,N/A,$4.64,$3.45,0,$1.04,8.00%,$0.06,1,$0.09,$0.30 /lb,$0.09,$0.00,$0.00,$0.00,$0.00,0,$0.00,,18,"undefined,undefined","9.13, 7.01, 2.20 in, 0.30 lbs",9.13,7.01,2.20,0.30,N/A,Computer
"07/04/2025, 03:33 AM PDT","07/04/2025, 06:33 AM EDT","07/04/2025, 05:33 AM CDT","07/04/2025, 03:33 AM PDT","Thinsters Brownie Batter Cookie Thins, 4 oz",47914372,840515100020,N/A,N/A,Thinsters,Grocery,Cookies,N/A,N/A,383000,https://i5.walmartimages.com/seo/Thinsters-Brownie-Batter-Cookie-Thins-4-oz_8044599d-dfd2-476b-a391-dd02fbf86308.84100210cda7b1684ccfdfca4d3541e9.jpeg,,N/A,https://www.walmart.com/ip/47914372,3.6,https://www.amazon.com/dp/B01NCB0DHX,https://www.amazon.com/s?k=Thinsters%20Brownie%20Batter%20Cookie%20Thins%2C%204%20oz,https://www.ebay.com/sch/i.html?_nkw=Thinsters%20Brownie%20Batter%20Cookie%20Thins%2C%204%20oz,https://www.google.com/search?q=Thinsters%20Brownie%20Batter%20Cookie%20Thins%2C%204%20oz,https://seller.walmart.com/catalog/add-items?search=47914372,N/A,no,no,no,1,1,0,3,"Seeking One Store, LLC",wfs,$11.90,3,$11.90,$11.90,11.9,3.6,3.74,31.45 %,103.97 %,8.85,5.87,1,OOS,N/A,$4.56,$3.45,0,$0.95,8.00%,$0.08,1,$0.08,$0.30 /lb,$0.08,$0.00,$0.00,$0.00,$0.00,0,$0.00,,31,"undefined,undefined","9.80, 9.02, 2.01 in, 0.26 lbs",9.80,9.02,2.01,0.26,N/A,Computer
"07/04/2025, 03:34 AM PDT","07/04/2025, 06:34 AM EDT","07/04/2025, 05:34 AM CDT","07/04/2025, 03:34 AM PDT","Thinsters Cookie Thins Crunchy Toasted Coconut Cookies, 4 oz",52633882,840515100396,Single,2,Thinsters,Grocery,Cookies,N/A,N/A,0840515100396,https://i5.walmartimages.com/seo/Thinsters-Cookie-Thins-Crunchy-Toasted-Coconut-Cookies-4-oz_4d1ca08c-c58e-4fd9-91dd-9c34624e4426.860249c2e59cc2d446be6b64ded2fffc.jpeg,,N/A,https://www.walmart.com/ip/52633882,3.6,https://www.amazon.com/dp/B075VZSWZ8,https://www.amazon.com/s?k=Thinsters%20Cookie%20Thins%20Crunchy%20Toasted%20Coconut%20Cookies%2C%204%20oz,https://www.ebay.com/sch/i.html?_nkw=Thinsters%20Cookie%20Thins%20Crunchy%20Toasted%20Coconut%20Cookies%2C%204%20oz,https://www.google.com/search?q=Thinsters%20Cookie%20Thins%20Crunchy%20Toasted%20Coconut%20Cookies%2C%204%20oz,https://seller.walmart.com/catalog/add-items?search=52633882,N/A,yes,no,no,2,0,2,13,Shop Jada's,mfn,$12.95,4,$12.95,$17.59,12.95,3.6,4.73,36.54 %,131.45 %,8.80,6.67,1,$4.78,N/A,$4.62,$3.45,0,$1.04,8.00%,$0.05,1,$0.08,$0.30 /lb,$0.08,$0.00,$0.00,$0.00,$0.00,0,$0.00,,63,"undefined,undefined,undefined","8.98, 7.01, 1.97 in, 0.26 lbs",8.98,7.01,1.97,0.26,N/A,Computer
"07/04/2025, 03:41 AM PDT","07/04/2025, 06:41 AM EDT","07/04/2025, 05:41 AM CDT","07/04/2025, 03:41 AM PDT","Tic Tac Wintergreen Hard Candy Fresh Breath Mints, 1.7oz",5288544977,9800007462,Single,1,Tic Tac,Grocery,Mint Candy,N/A,N/A,N/A,https://i5.walmartimages.com/seo/Tic-Tac-Fresh-Breath-Mints-Wintergreen-1-7-oz-Pack_65895446-032a-479b-8c1b-1b095ea7a339.1bd12e34d7e03298cf19b6e727ea4e1b.jpeg,,N/A,https://www.walmart.com/ip/5288544977,2.2,https://www.amazon.com/dp/B0CB79DZS1,https://www.amazon.com/s?k=Tic%20Tac%20Wintergreen%20Hard%20Candy%20Fresh%20Breath%20Mints%2C%201.7oz,https://www.ebay.com/sch/i.html?_nkw=Tic%20Tac%20Wintergreen%20Hard%20Candy%20Fresh%20Breath%20Mints%2C%201.7oz,https://www.google.com/search?q=Tic%20Tac%20Wintergreen%20Hard%20Candy%20Fresh%20Breath%20Mints%2C%201.7oz,https://seller.walmart.com/catalog/add-items?search=5288544977,N/A,no,no,no,4,0,4,136,Rebel 21,mfn,$7.98,10,$7.96,$9.34,7.98,2.2,0.66,8.23 %,29.84 %,7.20,2.29,1,$9.98,N/A,$5.12,$3.45,0,$0.64,8.00%,$0.00,1,$1.03,$0.30 /lb,$0.03,$0.00,$0.00,$0.00,$0.00,0,$0.00,,10,undefined,"3.39, 1.85, 0.79 in, 0.11 lbs",3.39,1.85,0.79,0.11,N/A,Computer
"07/04/2025, 03:52 AM PDT","07/04/2025, 06:52 AM EDT","07/04/2025, 05:52 AM CDT","07/04/2025, 03:52 AM PDT","Tiptree Orange Marmalade, 12 Ounce Jar",30984330,43647380012,N/A,N/A,Tiptree,Grocery,Marmalades,N/A,N/A,8606U,https://i5.walmartimages.com/seo/Tiptree-Orange-Marmalade-12-Ounce-Jar_24499e50-2009-4df3-804e-0fa6378c0ed7.d52cc88a85d89c0c2cd75c2447cc3a04.jpeg,,N/A,https://www.walmart.com/ip/30984330,5.19,https://www.amazon.com/dp/B00KOBB48C,https://www.amazon.com/s?k=Tiptree%20Orange%20Marmalade%2C%2012%20Ounce%20Jar,https://www.ebay.com/sch/i.html?_nkw=Tiptree%20Orange%20Marmalade%2C%2012%20Ounce%20Jar,https://www.google.com/search?q=Tiptree%20Orange%20Marmalade%2C%2012%20Ounce%20Jar,https://seller.walmart.com/catalog/add-items?search=30984330,N/A,yes,no,no,1,1,0,18,OTCRx4U,wfs,$14.16,18,$14.16,$14.16,14.16,5.19,2.56,18.07 %,49.29 %,11.30,6.20,1,$15.00,N/A,$6.41,$4.95,0,$1.13,8.00%,$0.01,1,$0.32,$0.30 /lb,$0.32,$0.00,$0.00,$0.00,$0.00,0,$0.00,,17,"undefined,undefined","4.02, 2.52, 2.52 in, 1.06 lbs",4.02,2.52,2.52,1.06,N/A,Computer
"07/04/2025, 03:55 AM PDT","07/04/2025, 06:55 AM EDT","07/04/2025, 05:55 AM CDT","07/04/2025, 03:55 AM PDT","Tiptree Ginger Preserve, 12 ounce Jar",43413247,43647340016,N/A,N/A,Tiptree,Grocery,"Jams, Jellies & Preserves",N/A,N/A,8208,https://i5.walmartimages.com/seo/Tiptree-Ginger-Preserve-12-ounce-Jar_8b37f205-797c-4734-9962-19255d0bf139.5464e73283a0a37478a6ae6f726fca7f.jpeg,,N/A,https://www.walmart.com/ip/43413247,6.52,https://www.amazon.com/dp/B000PKYVQ4,https://www.amazon.com/s?k=Tiptree%20Ginger%20Preserve%2C%2012%20ounce%20Jar,https://www.ebay.com/sch/i.html?_nkw=Tiptree%20Ginger%20Preserve%2C%2012%20ounce%20Jar,https://www.google.com/search?q=Tiptree%20Ginger%20Preserve%2C%2012%20ounce%20Jar,https://seller.walmart.com/catalog/add-items?search=43413247,N/A,yes,no,no,2,0,2,106,Vitozon,mfn,$19.87,6,$18.90,$19.87,18.9,6.52,4.2,22.21 %,64.39 %,12.80,8.57,1,$10.91,N/A,$8.18,$4.95,0,$2.83,15.00%,$0.02,1,$0.38,$0.30 /lb,$0.38,$0.00,$0.00,$0.00,$0.00,0,$0.00,,16,"undefined,undefined","5.00, 2.95, 2.95 in, 1.26 lbs",5.00,2.95,2.95,1.26,N/A,Computer
"07/04/2025, 04:03 AM PDT","07/04/2025, 07:03 AM EDT","07/04/2025, 06:03 AM CDT","07/04/2025, 04:03 AM PDT","Tiptree Tawny Orange Marmalade, 12 ounce Jar",55231376,43647390011,N/A,N/A,Tiptree,Grocery,Marmalades,N/A,N/A,8605,https://i5.walmartimages.com/seo/Tiptree-Tawny-Orange-Marmalade-12-ounce-Jar_ebc4a309-e070-4bec-87d9-7095a6194345_3.7799696a2c4f71bffbec4b1729d26a78.jpeg,,N/A,https://www.walmart.com/ip/55231376,5.19,https://www.amazon.com/dp/B072JZHJ6S,https://www.amazon.com/s?k=Tiptree%20Tawny%20Orange%20Marmalade%2C%2012%20ounce%20Jar,https://www.ebay.com/sch/i.html?_nkw=Tiptree%20Tawny%20Orange%20Marmalade%2C%2012%20ounce%20Jar,https://www.google.com/search?q=Tiptree%20Tawny%20Orange%20Marmalade%2C%2012%20ounce%20Jar,https://seller.walmart.com/catalog/add-items?search=55231376,N/A,no,no,no,1,0,1,13,Vitozon,mfn,$15.88,13,$15.88,$15.88,15.88,5.19,0.94,5.92 %,18.10 %,13.55,4.90,1,$31.97,N/A,$9.75,$6.15,0,$2.38,15.00%,$0.05,1,$1.17,$0.30 /lb,$1.17,$0.00,$0.00,$0.00,$0.00,0,$0.00,,22,"undefined,undefined","8.07, 4.25, 3.27 in, 3.90 lbs",8.07,4.25,3.27,3.90,N/A,Computer
"07/04/2025, 04:05 AM PDT","07/04/2025, 07:05 AM EDT","07/04/2025, 06:05 AM CDT","07/04/2025, 04:05 AM PDT",Toblerone 12.6z Festive Bar,363407053,70221007843,N/A,N/A,Toblerone,Grocery,Candy Bars & Miniatures,N/A,N/A,N/A,https://i5.walmartimages.com/seo/Toblerone-12-6z-Festive-Bar_9cdc4058-0708-4581-801f-bc00f5665de4.13c93445e2e4304888b8789d0947dfe5.jpeg,,N/A,https://www.walmart.com/ip/363407053,10.77,https://www.amazon.com/dp/B077YBY79X,https://www.amazon.com/s?k=Toblerone%2012.6z%20Festive%20Bar,https://www.ebay.com/sch/i.html?_nkw=Toblerone%2012.6z%20Festive%20Bar,https://www.google.com/search?q=Toblerone%2012.6z%20Festive%20Bar,https://seller.walmart.com/catalog/add-items?search=363407053,N/A,no,no,no,1,0,1,2,Simba Threads inc,mfn,$21.74,2,$21.74,$21.74,21.74,10.77,2.49,11.44 %,23.09 %,18.70,10.61,1,OOS,N/A,$8.48,$4.95,0,$3.26,15.00%,$0.03,1,$0.25,$0.30 /lb,$0.25,$0.00,$0.00,$0.00,$0.00,0,$0.00,,65,"undefined,undefined","12.13, 2.40, 2.05 in, 0.82 lbs",12.13,2.40,2.05,0.82,N/A,Computer
"07/04/2025, 04:27 AM PDT","07/04/2025, 07:27 AM EDT","07/04/2025, 06:27 AM CDT","07/04/2025, 04:27 AM PDT","Tony's Chocolonely Dark Milk Chocolate Bar with Pretzel and Toffee, 6.35 Oz",816585822,858010005689,Single,1,Tony's Chocolonely,Grocery,Chocolate Candy,N/A,N/A,858010005689,https://i5.walmartimages.com/seo/Tony-s-Chocolonely-Dark-Milk-Chocolate-Bar-with-Pretzel-and-Toffee-6-35-Oz_f2feddf6-f5d0-4d44-b75d-06fad8a37c23.230239240f804f97da126cea749b3fb8.jpeg,,N/A,https://www.walmart.com/ip/816585822,4.71,https://www.amazon.com/dp/B07QKHZT21,https://www.amazon.com/s?k=Tony's%20Chocolonely%20Dark%20Milk%20Chocolate%20Bar%20with%20Pretzel%20and%20Toffee%2C%206.35%20Oz,https://www.ebay.com/sch/i.html?_nkw=Tony's%20Chocolonely%20Dark%20Milk%20Chocolate%20Bar%20with%20Pretzel%20and%20Toffee%2C%206.35%20Oz,https://www.google.com/search?q=Tony's%20Chocolonely%20Dark%20Milk%20Chocolate%20Bar%20with%20Pretzel%20and%20Toffee%2C%206.35%20Oz,https://seller.walmart.com/catalog/add-items?search=816585822,N/A,no,no,yes,3,0,2,20,Walmart.com,wmt,$4.97,,$4.97,$14.76,10,4.71,0.91,9.08 %,19.27 %,0.00,4.49,1,$5.79,N/A,$4.38,$3.45,0,$0.80,8.00%,$0.01,1,$0.13,$0.30 /lb,$0.13,$0.00,$0.00,$0.00,$0.00,0,$0.00,,145,"undefined,undefined,undefined","6.38, 3.35, 0.67 in, 0.42 lbs",6.38,3.35,0.67,0.42,N/A,Computer
"07/04/2025, 08:36 AM PDT","07/04/2025, 11:36 AM EDT","07/04/2025, 10:36 AM CDT","07/04/2025, 08:36 AM PDT","Tootsie Child's Play Variety Candies Pack, 3.5 Ib",10534792,71720018132,Single,2,TOOTSIE ROLL INDUSTRIES,Grocery,Chocolate & Candy Assortments,N/A,N/A,CA159,https://i5.walmartimages.com/seo/Tootsie-Child-s-Play-Variety-Candies-Pack-3-5-Ib_f5b941f1-c0ca-41af-81a7-353ba5538d4a.e0d2469b3349dca57e1b7015576909f0.jpeg,,N/A,https://www.walmart.com/ip/10534792,3.56,https://www.amazon.com/dp/B0017OJ0HM,https://www.amazon.com/s?k=Tootsie%20Child's%20Play%20Variety%20Candies%20Pack%2C%203.5%20Ib,https://www.ebay.com/sch/i.html?_nkw=Tootsie%20Child's%20Play%20Variety%20Candies%20Pack%2C%203.5%20Ib,https://www.google.com/search?q=Tootsie%20Child's%20Play%20Variety%20Candies%20Pack%2C%203.5%20Ib,https://seller.walmart.com/catalog/add-items?search=10534792,N/A,no,no,yes,6,0,5,47,Walmart.com,wmt,$12.68,1,$12.68,$29.98,12.68,3.56,0.7,5.51 %,19.64 %,11.85,3.41,1,OOS,N/A,$8.42,$6.15,0,$1.01,8.00%,$0.12,1,$1.14,$0.30 /lb,$1.14,$0.00,$0.00,$0.00,$0.00,0,$0.00,,330,"undefined,undefined,undefined","12.60, 7.60, 2.80 in, 3.80 lbs",12.60,7.60,2.80,3.80,N/A,Computer
"07/04/2025, 09:02 AM PDT","07/04/2025, 12:02 PM EDT","07/04/2025, 11:02 AM CDT","07/04/2025, 09:02 AM PDT","Toxic Waste Hazardously Sour Candy in Original Yellow Drum, 1.7 oz., Contains No Known Allergens",944287686,898940001320,12,1,Toxic Waste,Grocery,Sour Candy,N/A,N/A,N/A,https://i5.walmartimages.com/seo/Toxic-Waste-Hazardously-Sour-Candy-in-Original-Yellow-Drum-1-7-oz-Contains-No-Known-Allergens_13432d29-0469-4b10-a318-5a25fe9ee25b.d76acb73f5fc340aacbcd9d07ca69746.jpeg,,N/A,https://www.walmart.com/ip/944287686,1.3,https://www.amazon.com/dp/B086Z13S9W,https://www.amazon.com/s?k=Toxic%20Waste%20Hazardously%20Sour%20Candy%20in%20Original%20Yellow%20Drum%2C%201.7%20oz.%2C%20Contains%20No%20Known%20Allergens,https://www.ebay.com/sch/i.html?_nkw=Toxic%20Waste%20Hazardously%20Sour%20Candy%20in%20Original%20Yellow%20Drum%2C%201.7%20oz.%2C%20Contains%20No%20Known%20Allergens,https://www.google.com/search?q=Toxic%20Waste%20Hazardously%20Sour%20Candy%20in%20Original%20Yellow%20Drum%2C%201.7%20oz.%2C%20Contains%20No%20Known%20Allergens,https://seller.walmart.com/catalog/add-items?search=944287686,N/A,no,no,no,2,0,2,24,Ameretail,mfn,$6.98,2,$6.98,$8.28,6.98,1.3,0.62,8.92 %,47.88 %,6.20,1.54,1,OOS,N/A,$5.06,$3.45,0,$0.56,8.00%,$0.00,1,$1.04,$0.30 /lb,$0.04,$0.00,$0.00,$0.00,$0.00,0,$0.00,,16,"undefined,undefined","3.03, 1.81, 1.73 in, 0.15 lbs",3.03,1.81,1.73,0.15,N/A,Computer
"07/04/2025, 10:10 AM PDT","07/04/2025, 01:10 PM EDT","07/04/2025, 12:10 PM CDT","07/04/2025, 10:10 AM PDT",Trolli Sour Brite Eggs Gummi Candy 4 oz,55334942,20709012081,Single,2,Trolli,Grocery,Gummy Candy,N/A,N/A,12088,https://i5.walmartimages.com/seo/Trolli-Sour-Brite-Eggs-Gummi-Candy-4-oz_0a0ca0b7-6e77-4532-ae7d-e15c40723877_1.9647cbfab57897683ed257e12c54eb62.jpeg,,N/A,https://www.walmart.com/ip/55334942,1.68,https://www.amazon.com/dp/B01L3W6D9A,https://www.amazon.com/s?k=Trolli%20Sour%20Brite%20Eggs%20Gummi%20Candy%204%20oz,https://www.ebay.com/sch/i.html?_nkw=Trolli%20Sour%20Brite%20Eggs%20Gummi%20Candy%204%20oz,https://www.google.com/search?q=Trolli%20Sour%20Brite%20Eggs%20Gummi%20Candy%204%20oz,https://seller.walmart.com/catalog/add-items?search=55334942,N/A,no,no,no,6,1,5,382,Super Savings Now,wfs,$7.92,13,$7.92,$11.85,7.92,1.68,1.07,13.46 %,63.44 %,6.70,2.20,1,$5.17,N/A,$5.17,$3.45,0,$0.63,8.00%,$0.01,1,$1.08,$0.30 /lb,$0.08,$0.00,$0.00,$0.00,$0.00,0,$0.00,,196,"undefined,undefined","7.01, 4.53, 0.91 in, 0.26 lbs",7.01,4.53,0.91,0.26,N/A,Computer
"07/04/2025, 01:24 PM PDT","07/04/2025, 04:24 PM EDT","07/04/2025, 03:24 PM CDT","07/04/2025, 01:24 PM PDT","Trolli Sour Brite Squad Gummy Candy, Sour Gummy Worms, 4.25 oz",7263907872,41420084744,N/A,N/A,Trolli,Grocery,Gummy Candy,N/A,N/A,N/A,https://i5.walmartimages.com/seo/Trolli-Sour-Brite-Squad-Gummy-Candy-Sour-Gummy-Worms-4-25-oz_23abad09-bc9c-4549-8588-897c9a67df38.f6acdb5b544d53c33c57c036cd95fb89.jpeg,,N/A,https://www.walmart.com/ip/7263907872,1.68,https://www.amazon.com/dp/B0FC2PTHFS,https://www.amazon.com/s?k=Trolli%20Sour%20Brite%20Squad%20Gummy%20Candy%2C%20Sour%20Gummy%20Worms%2C%204.25%20oz,https://www.ebay.com/sch/i.html?_nkw=Trolli%20Sour%20Brite%20Squad%20Gummy%20Candy%2C%20Sour%20Gummy%20Worms%2C%204.25%20oz,https://www.google.com/search?q=Trolli%20Sour%20Brite%20Squad%20Gummy%20Candy%2C%20Sour%20Gummy%20Worms%2C%204.25%20oz,https://seller.walmart.com/catalog/add-items?search=7263907872,undefined,no,no,no,2,0,2,42,HerStyle,mfn,$6.91,22,$6.91,$8.98,6.91,1.68,0.09,1.36 %,5.61 %,6.70,1.42,1,OOS,N/A,$5.14,$3.45,0,$0.55,8.00%,$0.01,1,$1.12,$0.30 /lb,$0.12,$0.00,$0.00,$0.00,$0.00,0,$0.00,,208,"undefined,undefined","6.54, 5.24, 0.87 in, 0.40 lbs",6.54,5.24,0.87,0.40,N/A,Computer
"07/04/2025, 01:25 PM PDT","07/04/2025, 04:25 PM EDT","07/04/2025, 03:25 PM CDT","07/04/2025, 01:25 PM PDT","Trolli Sour Brite Duo Crawlers, Gummy Worm Candy, 4.25 oz",1751571487,41420078156,N/A,N/A,Trolli,Grocery,Gummy Candy,N/A,N/A,N/A,https://i5.walmartimages.com/seo/Trolli-Sour-Brite-Duo-Crawlers-Gummy-Worm-Candy-4-25-oz_feae45d7-0ba6-4b99-ab13-245f95d810b6.2613fb61b18b833ed5199842591b862d.jpeg,,N/A,https://www.walmart.com/ip/1751571487,1.68,https://www.amazon.com/dp/B0B8T5F9LK,https://www.amazon.com/s?k=Trolli%20Sour%20Brite%20Duo%20Crawlers%2C%20Gummy%20Worm%20Candy%2C%204.25%20oz,https://www.ebay.com/sch/i.html?_nkw=Trolli%20Sour%20Brite%20Duo%20Crawlers%2C%20Gummy%20Worm%20Candy%2C%204.25%20oz,https://www.google.com/search?q=Trolli%20Sour%20Brite%20Duo%20Crawlers%2C%20Gummy%20Worm%20Candy%2C%204.25%20oz,https://seller.walmart.com/catalog/add-items?search=1751571487,N/A,no,no,no,4,0,4,24,FriendzTaxi ,mfn,$11.55,2,$11.49,$11.60,11.55,1.68,5.39,46.68 %,320.92 %,6.70,5.66,1,OOS,N/A,$4.48,$3.45,0,$0.92,8.00%,$0.02,1,$0.09,$0.30 /lb,$0.09,$0.00,$0.00,$0.00,$0.00,0,$0.00,,103,undefined,"6.93, 5.12, 1.14 in, 0.29 lbs",6.93,5.12,1.14,0.29,N/A,Computer
"07/04/2025, 01:31 PM PDT","07/04/2025, 04:31 PM EDT","07/04/2025, 03:31 PM CDT","07/04/2025, 01:31 PM PDT",TRUFF Black Truffle Hot Sauce,300162839,860000468503,"2, hot+hotter",1,TRUFF,Grocery,Hot Sauces,N/A,N/A,0860000468503,https://i5.walmartimages.com/seo/TRUFF-Black-Truffle-Hot-Sauce_3895a33a-fb6c-478d-8ef2-42f33d707837.6f303a50138746148bd75a494f5234e2.png,,N/A,https://www.walmart.com/ip/300162839,10.35,https://www.amazon.com/dp/B07S9TNDDC,https://www.amazon.com/s?k=TRUFF%20Black%20Truffle%20Hot%20Sauce,https://www.ebay.com/sch/i.html?_nkw=TRUFF%20Black%20Truffle%20Hot%20Sauce,https://www.google.com/search?q=TRUFF%20Black%20Truffle%20Hot%20Sauce,https://seller.walmart.com/catalog/add-items?search=300162839,N/A,no,no,no,4,0,4,344,M.O.S. Hardware,mfn,$21.97,42,$21.80,$26.86,21.97,10.35,3.09,14.06 %,29.85 %,18.25,10.75,1,$14.99,N/A,$8.53,$4.95,0,$3.30,15.00%,$0.02,1,$0.26,$0.30 /lb,$0.26,$0.00,$0.00,$0.00,$0.00,0,$0.00,,4925,undefined,"7.99, 2.72, 2.24 in, 0.88 lbs",7.99,2.72,2.24,0.88,N/A,Computer
"07/04/2025, 01:34 PM PDT","07/04/2025, 04:34 PM EDT","07/04/2025, 03:34 PM CDT","07/04/2025, 01:34 PM PDT",TRF BLK TRFL MAYONNAISE ( 6 X 8 OZ   ),947761378,850020861002,N/A,N/A,TRUFF,Grocery,Mayonnaise,N/A,29968,TMS6,https://i5.walmartimages.com/seo/Truff-Black-Truffle-Infused-Mayonnaise-8-oz-Jar_ec7fb6fb-949c-46a2-869f-cf43696c7518.8315d95b4bc196c37c2b12745eab8503.jpeg,,N/A,https://www.walmart.com/ip/947761378,6.89,https://www.amazon.com/dp/B08PN6W9B4,https://www.amazon.com/s?k=TRF%20BLK%20TRFL%20MAYONNAISE%20(%206%20X%208%20OZ%20%20%20),https://www.ebay.com/sch/i.html?_nkw=TRF%20BLK%20TRFL%20MAYONNAISE%20(%206%20X%208%20OZ%20%20%20),https://www.google.com/search?q=TRF%20BLK%20TRFL%20MAYONNAISE%20(%206%20X%208%20OZ%20%20%20),https://seller.walmart.com/catalog/add-items?search=947761378,N/A,yes,no,no,0,0,0,0,N/A,N/A,0,,,Price,14.99,6.89,1.66,11.04 %,24.02 %,13.10,6.84,1,$10.69,N/A,$6.44,$4.95,0,$1.20,8.00%,$0.03,1,$0.26,$0.30 /lb,$0.26,$0.00,$0.00,$0.00,$0.00,0,$0.00,,393,"undefined,undefined","7.87, 3.15, 2.95 in, 0.88 lbs",7.87,3.15,2.95,0.88,N/A,Computer
"07/04/2025, 01:45 PM PDT","07/04/2025, 04:45 PM EDT","07/04/2025, 03:45 PM CDT","07/04/2025, 01:45 PM PDT",TRUFF Black Truffle Salt,2208066732,850020861736,N/A,N/A,TRUFF,Grocery,Salt,N/A,N/A,TBTS6,https://i5.walmartimages.com/seo/TRUFF-Black-Truffle-Salt_a775db06-d5a3-484a-ba93-098ed8d09e89.760ef353825f0d6481cdc5437f3c3e74.jpeg,,N/A,https://www.walmart.com/ip/2208066732,7.19,https://www.amazon.com/dp/B0BJRST6KQ,https://www.amazon.com/s?k=TRUFF%20Black%20Truffle%20Salt,https://www.ebay.com/sch/i.html?_nkw=TRUFF%20Black%20Truffle%20Salt,https://www.google.com/search?q=TRUFF%20Black%20Truffle%20Salt,https://seller.walmart.com/catalog/add-items?search=2208066732,N/A,yes,no,no,7,1,6,205,Finalfy,wfs,$17.49,27,$17.49,$24.26,17.49,7.19,4.02,23.00 %,55.94 %,11.70,8.97,1,$12.75,N/A,$6.28,$3.45,0,$2.62,15.00%,$0.01,1,$0.19,$0.30 /lb,$0.19,$0.00,$0.00,$0.00,$0.00,0,$0.00,,129,undefined,"5.08, 2.44, 2.28 in, 0.64 lbs",5.08,2.44,2.28,0.64,N/A,Computer
"07/04/2025, 01:46 PM PDT","07/04/2025, 04:46 PM EDT","07/04/2025, 03:46 PM CDT","07/04/2025, 01:46 PM PDT","TRUFF Black Truffle Infused Spicy Mayonnaise, 8 FL",791881893,850020861019,N/A,N/A,TRUFF,Grocery,Mayonnaise,N/A,29969,HTMS6,https://i5.walmartimages.com/seo/Truff-Spicy-Black-Truffle-Mayonnaise-8-oz-Jar_3cea2665-4b30-498f-8f36-408095e2aa5b.afdffef483d474d6923b4e341f7c5a74.jpeg,,N/A,https://www.walmart.com/ip/791881893,6.89,https://www.amazon.com/dp/B08PN6MGTF,https://www.amazon.com/s?k=TRUFF%20Black%20Truffle%20Infused%20Spicy%20Mayonnaise%2C%208%20FL,https://www.ebay.com/sch/i.html?_nkw=TRUFF%20Black%20Truffle%20Infused%20Spicy%20Mayonnaise%2C%208%20FL,https://www.google.com/search?q=TRUFF%20Black%20Truffle%20Infused%20Spicy%20Mayonnaise%2C%208%20FL,https://seller.walmart.com/catalog/add-items?search=791881893,N/A,yes,no,no,3,0,3,15,T&T Services,mfn,$17.99,10,$17.99,$20.07,17.99,6.89,3.17,17.60 %,45.96 %,13.10,8.05,1,$14.99,N/A,$7.93,$4.95,0,$2.70,15.00%,$0.02,1,$0.26,$0.30 /lb,$0.26,$0.00,$0.00,$0.00,$0.00,0,$0.00,,307,"undefined,undefined","4.92, 3.27, 2.95 in, 0.88 lbs",4.92,3.27,2.95,0.88,N/A,Computer
"07/04/2025, 01:58 PM PDT","07/04/2025, 04:58 PM EDT","07/04/2025, 03:58 PM CDT","07/04/2025, 01:58 PM PDT","Twinings of London English Breakfast Extra Bold 100% Pure Black Tea Bags, 20 count",246576362,70177177362,N/A,N/A,Twinings,Grocery,Tea Bags,N/A,N/A,N/A,https://i5.walmartimages.com/seo/Twinings-of-London-English-Breakfast-Extra-Bold-100-Pure-Black-Tea-Bags-20-count_5d0e854d-0ba0-4e56-b0ce-336137d0e94a.8846982e39f19839cbb54fd50689f21c.jpeg,,N/A,https://www.walmart.com/ip/246576362,3.3,https://www.amazon.com/dp/B07VBFMXBB,https://www.amazon.com/s?k=Twinings%20of%20London%20English%20Breakfast%20Extra%20Bold%20100%25%20Pure%20Black%20Tea%20Bags%2C%2020%20count,https://www.ebay.com/sch/i.html?_nkw=Twinings%20of%20London%20English%20Breakfast%20Extra%20Bold%20100%25%20Pure%20Black%20Tea%20Bags%2C%2020%20count,https://www.google.com/search?q=Twinings%20of%20London%20English%20Breakfast%20Extra%20Bold%20100%25%20Pure%20Black%20Tea%20Bags%2C%2020%20count,https://seller.walmart.com/catalog/add-items?search=246576362,N/A,no,no,no,1,0,1,25,iHerb,mfn,$10.45,25,$10.45,$10.45,10.45,3.3,2.8,26.79 %,84.82 %,8.40,4.88,1,$4.99,N/A,$4.35,$3.45,0,$0.84,8.00%,$0.02,1,$0.04,$0.30 /lb,$0.04,$0.00,$0.00,$0.00,$0.00,0,$0.00,,283,"undefined,undefined","5.12, 3.23, 2.76 in, 0.15 lbs",5.12,3.23,2.76,0.15,N/A,Computer
"07/04/2025, 02:02 PM PDT","07/04/2025, 05:02 PM EDT","07/04/2025, 04:02 PM CDT","07/04/2025, 02:02 PM PDT",Twinings Peppermint Creamy Vanilla 20ct,175380263,70177174910,Single,2,Twinings,Grocery,Tea Bags,N/A,N/A,TWN17491,https://i5.walmartimages.com/seo/Twinings-Peppermint-Creamy-Vanilla-20ct_77e9ad31-d611-45a4-ac80-08a3c94fba7f.4c0c37abca65dff5165ddc7e3f5e19c6.jpeg,,N/A,https://www.walmart.com/ip/175380263,3.3,https://www.amazon.com/dp/B0789MNG46,https://www.amazon.com/s?k=Twinings%20Peppermint%20Creamy%20Vanilla%2020ct,https://www.ebay.com/sch/i.html?_nkw=Twinings%20Peppermint%20Creamy%20Vanilla%2020ct,https://www.google.com/search?q=Twinings%20Peppermint%20Creamy%20Vanilla%2020ct,https://seller.walmart.com/catalog/add-items?search=175380263,N/A,no,no,no,5,0,5,185,Vitozon,mfn,$8.98,60,$8.98,$10.45,8.98,3.3,0.45,4.98 %,13.55 %,8.40,3.00,1,$6.93,N/A,$5.23,$3.45,0,$0.72,8.00%,$0.02,1,$1.04,$0.30 /lb,$0.04,$0.00,$0.00,$0.00,$0.00,0,$0.00,,22,"undefined,undefined","5.16, 3.15, 2.76 in, 0.15 lbs",5.16,3.15,2.76,0.15,N/A,Computer
"07/04/2025, 02:03 PM PDT","07/04/2025, 05:03 PM EDT","07/04/2025, 04:03 PM CDT","07/04/2025, 02:03 PM PDT","Twining Tea: Pure Camomile Herbal Tea, 50 Bg",395559199,70177225049,N/A,N/A,Twinings,Grocery,Tea Bags,N/A,N/A,PP-GRCE30779,https://i5.walmartimages.com/seo/Twining-Tea-Pure-Camomile-Herbal-Tea-50-Bg_e3268882-361b-46b8-8a20-9684c992d6c5.fcaacf7fb3654569afe1b58ca4da7082.jpeg,,N/A,https://www.walmart.com/ip/395559199,7.97,https://www.amazon.com/dp/B079Y6C5C2,https://www.amazon.com/s?k=Twining%20Tea%3A%20Pure%20Camomile%20Herbal%20Tea%2C%2050%20Bg,https://www.ebay.com/sch/i.html?_nkw=Twining%20Tea%3A%20Pure%20Camomile%20Herbal%20Tea%2C%2050%20Bg,https://www.google.com/search?q=Twining%20Tea%3A%20Pure%20Camomile%20Herbal%20Tea%2C%2050%20Bg,https://seller.walmart.com/catalog/add-items?search=395559199,N/A,no,no,no,5,0,5,198,iHerb,mfn,$15.69,143,$13.75,$18.18,15.69,7.97,1.74,11.09 %,21.84 %,12.50,7.77,1,$9.99,N/A,$5.98,$3.45,0,$2.35,15.00%,$0.05,1,$0.13,$0.30 /lb,$0.13,$0.00,$0.00,$0.00,$0.00,0,$0.00,,0,undefined,"6.10, 5.91, 3.19 in, 0.42 lbs",6.10,5.91,3.19,0.42,N/A,Computer
"07/04/2025, 02:05 PM PDT","07/04/2025, 05:05 PM EDT","07/04/2025, 04:05 PM CDT","07/04/2025, 02:05 PM PDT","Twinings Pure Peppermint Herbal Tea Bags, Caffeine Free, 50 Count Box",872097298,70177225032,N/A,N/A,Twinings,Grocery,Tea Bags,N/A,N/A,PP-GRCE31008,https://i5.walmartimages.com/seo/Twinings-Pure-Peppermint-Herbal-Tea-Bags-Caffeine-Free-50-Count-Box_b4d9faaa-fc7a-40ca-9df9-1f43b2f33165.73143d7f41e24383f911de296ccf2cd2.jpeg,,N/A,https://www.walmart.com/ip/872097298,7.97,https://www.amazon.com/dp/B079YD2X7W,https://www.amazon.com/s?k=Twinings%20Pure%20Peppermint%20Herbal%20Tea%20Bags%2C%20Caffeine%20Free%2C%2050%20Count%20Box,https://www.ebay.com/sch/i.html?_nkw=Twinings%20Pure%20Peppermint%20Herbal%20Tea%20Bags%2C%20Caffeine%20Free%2C%2050%20Count%20Box,https://www.google.com/search?q=Twinings%20Pure%20Peppermint%20Herbal%20Tea%20Bags%2C%20Caffeine%20Free%2C%2050%20Count%20Box,https://seller.walmart.com/catalog/add-items?search=872097298,N/A,no,no,no,6,1,5,194,RFZ Shop,wfs,$14.50,41,$13.75,$23.44,14.5,7.97,1.76,12.10 %,22.02 %,12.50,7.78,1,$8.99,N/A,$4.77,$3.45,0,$1.16,8.00%,$0.04,1,$0.12,$0.30 /lb,$0.12,$0.00,$0.00,$0.00,$0.00,0,$0.00,,5,undefined,"5.83, 5.55, 3.19 in, 0.40 lbs",5.83,5.55,3.19,0.40,N/A,Computer
"07/04/2025, 02:07 PM PDT","07/04/2025, 05:07 PM EDT","07/04/2025, 04:07 PM CDT","07/04/2025, 02:07 PM PDT","Twinings Pure Rooibos Red Herbal Tea Bags, Caffeine Free, 20 Count Box",29922502,70177180324,Single,2,Twinings,Grocery,Tea Bags,N/A,N/A,B25881,https://i5.walmartimages.com/seo/Twinings-Pure-Rooibos-Red-Herbal-Tea-Bags-Caffeine-Free-20-Count-Box_cd7b9538-fd6c-4844-aac1-8ab1176188f1.87fb42f09e941ef668f01311d95b7002.jpeg,,N/A,https://www.walmart.com/ip/29922502,3.3,https://www.amazon.com/dp/B005GWU4CG,https://www.amazon.com/s?k=Twinings%20Pure%20Rooibos%20Red%20Herbal%20Tea%20Bags%2C%20Caffeine%20Free%2C%2020%20Count%20Box,https://www.ebay.com/sch/i.html?_nkw=Twinings%20Pure%20Rooibos%20Red%20Herbal%20Tea%20Bags%2C%20Caffeine%20Free%2C%2020%20Count%20Box,https://www.google.com/search?q=Twinings%20Pure%20Rooibos%20Red%20Herbal%20Tea%20Bags%2C%20Caffeine%20Free%2C%2020%20Count%20Box,https://seller.walmart.com/catalog/add-items?search=29922502,N/A,no,no,no,10,2,8,10099,Fern Tactical,wfs,$8.99,6,$8.17,$13.98,8.99,3.3,0.45,4.98 %,13.58 %,8.40,3.00,1,$9.99,N/A,$5.24,$3.45,0,$0.72,8.00%,$0.02,1,$1.05,$0.30 /lb,$0.05,$0.00,$0.00,$0.00,$0.00,0,$0.00,,86,"undefined,undefined","5.04, 3.15, 2.72 in, 0.18 lbs",5.04,3.15,2.72,0.18,N/A,Computer
"07/04/2025, 02:10 PM PDT","07/04/2025, 05:10 PM EDT","07/04/2025, 04:10 PM CDT","07/04/2025, 02:10 PM PDT","Twinings Chai French Vanilla Black Tea Bags, 20 Count Box",29818863,70177179533,Single,2,Twinings,Grocery,Tea Bags,N/A,N/A,05316,https://i5.walmartimages.com/seo/Twinings-Chai-French-Vanilla-Black-Tea-Bags-20-Count-Box_5dcca8fd-a83c-4844-95ec-2a7269c94b3f.c99ac130ddca1f735f55c07179ffa15e.jpeg,,N/A,https://www.walmart.com/ip/29818863,3.3,https://www.amazon.com/dp/B00061EXRY,https://www.amazon.com/s?k=Twinings%20Chai%20French%20Vanilla%20Black%20Tea%20Bags%2C%2020%20Count%20Box,https://www.ebay.com/sch/i.html?_nkw=Twinings%20Chai%20French%20Vanilla%20Black%20Tea%20Bags%2C%2020%20Count%20Box,https://www.google.com/search?q=Twinings%20Chai%20French%20Vanilla%20Black%20Tea%20Bags%2C%2020%20Count%20Box,https://seller.walmart.com/catalog/add-items?search=29818863,N/A,no,no,no,8,3,5,8955,OTCRx4U,wfs,$8.74,8,$8.74,$12.61,8.74,3.3,0.21,2.39 %,6.32 %,8.45,2.81,1,OOS,N/A,$5.23,$3.45,0,$0.70,8.00%,$0.02,1,$1.06,$0.30 /lb,$0.06,$0.00,$0.00,$0.00,$0.00,0,$0.00,,136,"undefined,undefined","5.94, 3.15, 2.72 in, 0.20 lbs",5.94,3.15,2.72,0.20,N/A,Computer
"07/04/2025, 02:12 PM PDT","07/04/2025, 05:12 PM EDT","07/04/2025, 04:12 PM CDT","07/04/2025, 02:12 PM PDT","Twinings Pure Oolong Tea Bags, 20 Count Box",28645074,70177154264,"Oolong Tea, Single",19,Twinings,Grocery,Tea Bags,N/A,N/A,26986,https://i5.walmartimages.com/seo/Twinings-Pure-Oolong-Tea-Bags-20-Count-Box_92b50cbf-8627-45bc-97d1-0a39ef94ad53.6a5a1c6dfae8ee348749ba07d7918e00.jpeg,,N/A,https://www.walmart.com/ip/28645074,3.3,https://www.amazon.com/dp/B00XA8ZH2U,https://www.amazon.com/s?k=Twinings%20Pure%20Oolong%20Tea%20Bags%2C%2020%20Count%20Box,https://www.ebay.com/sch/i.html?_nkw=Twinings%20Pure%20Oolong%20Tea%20Bags%2C%2020%20Count%20Box,https://www.google.com/search?q=Twinings%20Pure%20Oolong%20Tea%20Bags%2C%2020%20Count%20Box,https://seller.walmart.com/catalog/add-items?search=28645074,undefined,no,no,no,10,3,7,10569,OTCRx4U,wfs,$8.94,5,$8.94,$17.99,8.94,3.3,0.4,4.50 %,12.18 %,8.40,2.96,1,$4.37,N/A,$5.24,$3.45,0,$0.72,8.00%,$0.02,1,$1.05,$0.30 /lb,$0.05,$0.00,$0.00,$0.00,$0.00,0,$0.00,,779,"undefined,undefined","5.04, 3.15, 2.72 in, 0.18 lbs",5.04,3.15,2.72,0.18,N/A,Computer
"07/04/2025, 02:14 PM PDT","07/04/2025, 05:14 PM EDT","07/04/2025, 04:14 PM CDT","07/04/2025, 02:14 PM PDT","Twinings Darjeeling Himalayan Pure Black Tea Bags, 20 Count Box",28644990,70177154127,Single,1,Twinings,Grocery,Tea Bags,N/A,N/A,70177154127,https://i5.walmartimages.com/seo/Twinings-Darjeeling-Himalayan-Pure-Black-Tea-Bags-20-Count-Box_b4320c71-d7d1-416a-b410-5ffc6f70f235_1.8754c22ed08ee4625e9f724687f61b3d.jpeg,,N/A,https://www.walmart.com/ip/28644990,3.3,https://www.amazon.com/dp/B0078TXJ2W,https://www.amazon.com/s?k=Twinings%20Darjeeling%20Himalayan%20Pure%20Black%20Tea%20Bags%2C%2020%20Count%20Box,https://www.ebay.com/sch/i.html?_nkw=Twinings%20Darjeeling%20Himalayan%20Pure%20Black%20Tea%20Bags%2C%2020%20Count%20Box,https://www.google.com/search?q=Twinings%20Darjeeling%20Himalayan%20Pure%20Black%20Tea%20Bags%2C%2020%20Count%20Box,https://seller.walmart.com/catalog/add-items?search=28644990,N/A,yes,no,no,7,1,6,162,OTCRx4U,wfs,$8.87,38,$8.87,$11.99,8.87,3.3,0.35,3.91 %,10.51 %,8.40,2.92,1,$37.94,N/A,$5.22,$3.45,0,$0.71,8.00%,$0.02,1,$1.04,$0.30 /lb,$0.04,$0.00,$0.00,$0.00,$0.00,0,$0.00,,13,undefined,"5.08, 3.11, 2.72 in, 0.15 lbs",5.08,3.11,2.72,0.15,N/A,Computer
"07/04/2025, 02:15 PM PDT","07/04/2025, 05:15 PM EDT","07/04/2025, 04:15 PM CDT","07/04/2025, 02:15 PM PDT","Twinings Chai Decaffeinated Spiced Black Tea Bags, 20 Count Box",29841930,70177267582,N/A,N/A,Twinings,Grocery,Tea Bags,N/A,N/A,229099,https://i5.walmartimages.com/seo/Twinings-Chai-Decaffeinated-Spiced-Black-Tea-Bags-20-Count-Box_06708ba9-c69e-4dcf-bb09-536c55b33a02.68091673342595b4cd56874555e744a2.jpeg,,N/A,https://www.walmart.com/ip/29841930,3.3,https://www.amazon.com/dp/B009G3SCCA,https://www.amazon.com/s?k=Twinings%20Chai%20Decaffeinated%20Spiced%20Black%20Tea%20Bags%2C%2020%20Count%20Box,https://www.ebay.com/sch/i.html?_nkw=Twinings%20Chai%20Decaffeinated%20Spiced%20Black%20Tea%20Bags%2C%2020%20Count%20Box,https://www.google.com/search?q=Twinings%20Chai%20Decaffeinated%20Spiced%20Black%20Tea%20Bags%2C%2020%20Count%20Box,https://seller.walmart.com/catalog/add-items?search=29841930,N/A,yes,no,no,7,0,7,10121,BlueSky Creations LLC,mfn,$8.97,18,$8.97,$12.04,8.97,3.3,0.44,4.89 %,13.29 %,8.40,2.99,1,$4.00,N/A,$5.23,$3.45,0,$0.72,8.00%,$0.02,1,$1.04,$0.30 /lb,$0.04,$0.00,$0.00,$0.00,$0.00,0,$0.00,,16,undefined,"5.16, 3.11, 2.68 in, 0.15 lbs",5.16,3.11,2.68,0.15,N/A,Computer
"07/04/2025, 02:17 PM PDT","07/04/2025, 05:17 PM EDT","07/04/2025, 04:17 PM CDT","07/04/2025, 02:17 PM PDT","Twinings Earl Grey Citrus and Bergamot Black Tea Bags, 20 Count Box",10308539,70177154226,N/A,N/A,Twinings,Grocery,Tea Bags,N/A,N/A,5326,https://i5.walmartimages.com/seo/Twinings-Earl-Grey-Citrus-and-Bergamot-Black-Tea-Bags-20-Count-Box_5ce9440e-d124-4265-ad3a-f9073e1d99a3.934f7599b90197a7ddd2d17180b7b1b8.jpeg,,N/A,https://www.walmart.com/ip/10308539,3.3,https://www.amazon.com/dp/B005GWTW8S,https://www.amazon.com/s?k=Twinings%20Earl%20Grey%20Citrus%20and%20Bergamot%20Black%20Tea%20Bags%2C%2020%20Count%20Box,https://www.ebay.com/sch/i.html?_nkw=Twinings%20Earl%20Grey%20Citrus%20and%20Bergamot%20Black%20Tea%20Bags%2C%2020%20Count%20Box,https://www.google.com/search?q=Twinings%20Earl%20Grey%20Citrus%20and%20Bergamot%20Black%20Tea%20Bags%2C%2020%20Count%20Box,https://seller.walmart.com/catalog/add-items?search=10308539,N/A,no,no,no,7,2,5,41,OTCRx4U,wfs,$8.83,3,$8.83,$10.99,8.83,3.3,0.31,3.50 %,9.36 %,8.40,2.89,1,$13.98,N/A,$5.22,$3.45,0,$0.71,8.00%,$0.02,1,$1.04,$0.30 /lb,$0.04,$0.00,$0.00,$0.00,$0.00,0,$0.00,,52,undefined,"5.16, 3.11, 2.83 in, 0.15 lbs",5.16,3.11,2.83,0.15,N/A,Computer
"07/04/2025, 02:19 PM PDT","07/04/2025, 05:19 PM EDT","07/04/2025, 04:19 PM CDT","07/04/2025, 02:19 PM PDT","Earl Grey Loose Tea, 3.5 oz (100 g), Twinings",30919809,70177034740,N/A,N/A,Twinings,Grocery,Loose-Leaf Tea,N/A,N/A,SYNCHKG006248,https://i5.walmartimages.com/seo/Earl-Grey-Loose-Tea-3-5-oz-100-g-Twinings_15a73a50-bffa-4b8d-b3fb-9905c2eb7909.82d02b9b5b9134e7d146d8dc7b1736c3.jpeg,,N/A,https://www.walmart.com/ip/30919809,7.45,https://www.amazon.com/dp/B009WTSVF6,https://www.amazon.com/s?k=Earl%20Grey%20Loose%20Tea%2C%203.5%20oz%20(100%20g)%2C%20Twinings,https://www.ebay.com/sch/i.html?_nkw=Earl%20Grey%20Loose%20Tea%2C%203.5%20oz%20(100%20g)%2C%20Twinings,https://www.google.com/search?q=Earl%20Grey%20Loose%20Tea%2C%203.5%20oz%20(100%20g)%2C%20Twinings,https://seller.walmart.com/catalog/add-items?search=30919809,N/A,no,no,no,3,0,3,60,"Online Stores, PA LLC",mfn,$12.46,52,$12.40,$12.46,12.46,7.45,0.42,3.34 %,5.59 %,11.90,6.29,1,$8.21,N/A,$4.59,$3.45,0,$1.00,8.00%,$0.01,1,$0.13,$0.30 /lb,$0.13,$0.00,$0.00,$0.00,$0.00,0,$0.00,,26,"undefined,undefined","3.58, 3.43, 2.72 in, 0.44 lbs",3.58,3.43,2.72,0.44,N/A,Computer
"07/04/2025, 02:21 PM PDT","07/04/2025, 05:21 PM EDT","07/04/2025, 04:21 PM CDT","07/04/2025, 02:21 PM PDT","Twinings of London English Afternoon 100% Pure Black Tea Bags, 20 Ct, 1.41 oz",29952281,70177155766,N/A,N/A,Twinings,Grocery,Tea Bags,N/A,N/A,455880-05330,https://i5.walmartimages.com/seo/Twinings-of-London-English-Afternoon-100-Pure-Black-Tea-Bags-20-Ct-1-41-oz_46b051d0-27b4-4dbd-9ff0-03f22e9b1c87.74e98b3d015d1aabde3e28e166a42f55.jpeg,,N/A,https://www.walmart.com/ip/29952281,3.3,https://www.amazon.com/dp/B003MZA3WA,https://www.amazon.com/s?k=Twinings%20of%20London%20English%20Afternoon%20100%25%20Pure%20Black%20Tea%20Bags%2C%2020%20Ct%2C%201.41%20oz,https://www.ebay.com/sch/i.html?_nkw=Twinings%20of%20London%20English%20Afternoon%20100%25%20Pure%20Black%20Tea%20Bags%2C%2020%20Ct%2C%201.41%20oz,https://www.google.com/search?q=Twinings%20of%20London%20English%20Afternoon%20100%25%20Pure%20Black%20Tea%20Bags%2C%2020%20Ct%2C%201.41%20oz,https://seller.walmart.com/catalog/add-items?search=29952281,N/A,yes,no,no,4,1,3,110,OTCRx4U,wfs,$9.23,16,$9.23,$10.45,9.23,3.3,0.66,7.17 %,20.07 %,8.45,3.17,1,$9.70,N/A,$5.27,$3.45,0,$0.74,8.00%,$0.02,1,$1.06,$0.30 /lb,$0.06,$0.00,$0.00,$0.00,$0.00,0,$0.00,,18,undefined,"5.12, 3.11, 2.80 in, 0.20 lbs",5.12,3.11,2.80,0.20,N/A,Computer
"07/04/2025, 02:27 PM PDT","07/04/2025, 05:27 PM EDT","07/04/2025, 04:27 PM CDT","07/04/2025, 02:27 PM PDT",Pomegranate & Raspberry,28644642,70177231255,Single,2,Twinings,Grocery,Tea Bags,N/A,N/A,TWN23125,https://i5.walmartimages.com/seo/Pomegranate-Raspberry_5a676d8f-211b-43e4-80f8-de2324c71f66.312bf10493252d25e15a211dd6f9d01d.jpeg,,N/A,https://www.walmart.com/ip/28644642,3.3,https://www.amazon.com/dp/B00K27TQ3I,https://www.amazon.com/s?k=Pomegranate%20%26%20Raspberry,https://www.ebay.com/sch/i.html?_nkw=Pomegranate%20%26%20Raspberry,https://www.google.com/search?q=Pomegranate%20%26%20Raspberry,https://seller.walmart.com/catalog/add-items?search=28644642,N/A,yes,no,no,7,3,4,10169,OTCRx4U,wfs,$8.64,17,$8.64,$11.48,8.64,3.3,0.05,0.54 %,1.40 %,8.50,2.68,1,$4.95,N/A,$5.29,$3.45,0,$0.69,8.00%,$0.04,1,$1.11,$0.30 /lb,$0.11,$0.00,$0.00,$0.00,$0.00,0,$0.00,,26,"undefined,undefined","6.18, 5.31, 2.91 in, 0.37 lbs",6.18,5.31,2.91,0.37,N/A,Computer
"07/04/2025, 02:28 PM PDT","07/04/2025, 05:28 PM EDT","07/04/2025, 04:28 PM CDT","07/04/2025, 02:28 PM PDT","Twinings Wild Berries Herbal Tea Bags, Caffeine Free, 20 Count Box",28644503,70177231262,Single,1,Twinings,Grocery,Tea Bags,N/A,N/A,TWN23126,https://i5.walmartimages.com/seo/Twinings-Wild-Berries-Herbal-Tea-Bags-Caffeine-Free-20-Count-Box_c8ae8885-b683-4859-9a47-d4c6cc22b9c0.f79c85c09cc91bb655bf294a19a7f0ca.jpeg,,N/A,https://www.walmart.com/ip/28644503,3.3,https://www.amazon.com/dp/B00XA99MZC,https://www.amazon.com/s?k=Twinings%20Wild%20Berries%20Herbal%20Tea%20Bags%2C%20Caffeine%20Free%2C%2020%20Count%20Box,https://www.ebay.com/sch/i.html?_nkw=Twinings%20Wild%20Berries%20Herbal%20Tea%20Bags%2C%20Caffeine%20Free%2C%2020%20Count%20Box,https://www.google.com/search?q=Twinings%20Wild%20Berries%20Herbal%20Tea%20Bags%2C%20Caffeine%20Free%2C%2020%20Count%20Box,https://seller.walmart.com/catalog/add-items?search=28644503,N/A,yes,no,no,8,1,7,9944,Snap to Get,wfs,$9.39,8,$9.39,$12.57,9.39,3.3,0.82,8.78 %,25.00 %,8.40,3.30,1,$9.13,N/A,$5.27,$3.45,0,$0.75,8.00%,$0.02,1,$1.04,$0.30 /lb,$0.04,$0.00,$0.00,$0.00,$0.00,0,$0.00,,15,undefined,"5.00, 3.11, 2.80 in, 0.15 lbs",5.00,3.11,2.80,0.15,N/A,Computer
"07/04/2025, 02:30 PM PDT","07/04/2025, 05:30 PM EDT","07/04/2025, 04:30 PM CDT","07/04/2025, 02:30 PM PDT","Twinings Irish Breakfast Robust Black Tea Bags, 20 Count Box",10308540,70177154240,N/A,N/A,Twinings,Grocery,Tea Bags,N/A,N/A,ZQB-19124,https://i5.walmartimages.com/seo/Twinings-Irish-Breakfast-Robust-Black-Tea-Bags-20-Count-Box_6e80dcd3-b2bf-41aa-8942-ffb10dc20a75.d6db01b93b6687a419ce1bbe5b051069.jpeg,,N/A,https://www.walmart.com/ip/10308540,3.3,https://www.amazon.com/dp/B00JSCGJ1U,https://www.amazon.com/s?k=Twinings%20Irish%20Breakfast%20Robust%20Black%20Tea%20Bags%2C%2020%20Count%20Box,https://www.ebay.com/sch/i.html?_nkw=Twinings%20Irish%20Breakfast%20Robust%20Black%20Tea%20Bags%2C%2020%20Count%20Box,https://www.google.com/search?q=Twinings%20Irish%20Breakfast%20Robust%20Black%20Tea%20Bags%2C%2020%20Count%20Box,https://seller.walmart.com/catalog/add-items?search=10308540,N/A,yes,no,no,7,3,4,87,OTCRx4U,wfs,$8.74,5,$8.74,$11.97,8.74,3.3,0.22,2.49 %,6.59 %,8.40,2.81,1,$3.99,N/A,$5.22,$3.45,0,$0.70,8.00%,$0.02,1,$1.05,$0.30 /lb,$0.05,$0.00,$0.00,$0.00,$0.00,0,$0.00,,47,undefined,"5.08, 3.15, 2.80 in, 0.18 lbs",5.08,3.15,2.80,0.18,N/A,Computer
"07/04/2025, 02:32 PM PDT","07/04/2025, 05:32 PM EDT","07/04/2025, 04:32 PM CDT","07/04/2025, 02:32 PM PDT","Twinings Irish Breakfast Decaffeinated Pure Black Tea Bags, 20 Count Box",30916580,70177175405,N/A,N/A,Twinings,Grocery,Tea Bags,N/A,N/A,455836-05306,https://i5.walmartimages.com/seo/Twinings-Irish-Breakfast-Decaffeinated-Pure-Black-Tea-Bags-20-Count-Box_2dc5d62e-eae0-43c7-8156-c8149bd1b9a8.76c7ec67f9d9df1ed2c26e8e9a58d3c6.jpeg,,N/A,https://www.walmart.com/ip/30916580,3.3,https://www.amazon.com/dp/B001MOH4BG,https://www.amazon.com/s?k=Twinings%20Irish%20Breakfast%20Decaffeinated%20Pure%20Black%20Tea%20Bags%2C%2020%20Count%20Box,https://www.ebay.com/sch/i.html?_nkw=Twinings%20Irish%20Breakfast%20Decaffeinated%20Pure%20Black%20Tea%20Bags%2C%2020%20Count%20Box,https://www.google.com/search?q=Twinings%20Irish%20Breakfast%20Decaffeinated%20Pure%20Black%20Tea%20Bags%2C%2020%20Count%20Box,https://seller.walmart.com/catalog/add-items?search=30916580,N/A,no,no,no,6,1,5,8971,OTCRx4U,wfs,$9.97,9,$9.97,$11.86,9.97,3.3,1.36,13.62 %,41.16 %,8.40,3.73,1,$6.25,N/A,$5.31,$3.45,0,$0.80,8.00%,$0.02,1,$1.04,$0.30 /lb,$0.04,$0.00,$0.00,$0.00,$0.00,0,$0.00,,19,undefined,"5.08, 3.19, 2.72 in, 0.15 lbs",5.08,3.19,2.72,0.15,N/A,Computer
"07/05/2025, 12:02 AM PDT","07/05/2025, 03:02 AM EDT","07/05/2025, 02:02 AM CDT","07/05/2025, 12:02 AM PDT","Twinings of London® Classics Irish Breakfast Loose Tea, 100g (3.53 oz), Full-Bodied Black Tea Blend",30857215,70177034856,"Irish Breakfast, 3.53 oz CAN",3,Twinings,Grocery,Loose-Leaf Tea,N/A,N/A,ZQB-17046,https://i5.walmartimages.com/seo/Twinings-of-London-Classics-Irish-Breakfast-Loose-Tea-100g-3-53-oz-Full-Bodied-Black-Tea-Blend_33affe66-2d06-4b00-b347-ad3a0ce9fdf4.c5622c298cc26d517eab60013b561fa3.jpeg,,N/A,https://www.walmart.com/ip/30857215,7.45,https://www.amazon.com/dp/B00112W5LS,https://www.amazon.com/s?k=Twinings%20of%20London%C2%AE%20Classics%20Irish%20Breakfast%20Loose%20Tea%2C%20100g%20(3.53%20oz)%2C%20Full-Bodied%20Black%20Tea%20Blend,https://www.ebay.com/sch/i.html?_nkw=Twinings%20of%20London%C2%AE%20Classics%20Irish%20Breakfast%20Loose%20Tea%2C%20100g%20(3.53%20oz)%2C%20Full-Bodied%20Black%20Tea%20Blend,https://www.google.com/search?q=Twinings%20of%20London%C2%AE%20Classics%20Irish%20Breakfast%20Loose%20Tea%2C%20100g%20(3.53%20oz)%2C%20Full-Bodied%20Black%20Tea%20Blend,https://seller.walmart.com/catalog/add-items?search=30857215,N/A,no,no,no,2,0,2,57,"Online Stores, PA LLC",mfn,$12.86,40,$12.86,$14.43,12.86,7.45,0.81,6.27 %,10.82 %,11.90,6.60,1,$8.21,N/A,$4.60,$3.45,0,$1.03,8.00%,$0.01,1,$0.11,$0.30 /lb,$0.11,$0.00,$0.00,$0.00,$0.00,0,$0.00,,1424,"undefined,undefined,undefined","3.50, 3.50, 2.72 in, 0.37 lbs",3.50,3.50,2.72,0.37,N/A,Computer
"07/05/2025, 12:04 AM PDT","07/05/2025, 03:04 AM EDT","07/05/2025, 02:04 AM CDT","07/05/2025, 12:04 AM PDT",Twinings Pineapple Mango Flavoured Herbal Tea 20ct,5481605210,70177233495,Single,1,Twinings,Grocery,Tea Bags,N/A,N/A,N/A,https://i5.walmartimages.com/seo/Twinings-Pineapple-Mango-Flavoured-Herbal-Tea-20ct_614580f1-0d78-45fd-8881-afa311cba46b.3dad6f222658d3ecc3f02565927eb957.jpeg,,N/A,https://www.walmart.com/ip/5481605210,3.3,https://www.amazon.com/dp/B0D33TVTFD,https://www.amazon.com/s?k=Twinings%20Pineapple%20Mango%20Flavoured%20Herbal%20Tea%2020ct,https://www.ebay.com/sch/i.html?_nkw=Twinings%20Pineapple%20Mango%20Flavoured%20Herbal%20Tea%2020ct,https://www.google.com/search?q=Twinings%20Pineapple%20Mango%20Flavoured%20Herbal%20Tea%2020ct,https://seller.walmart.com/catalog/add-items?search=5481605210,N/A,no,no,no,3,0,3,36,All Star USA,mfn,$9.37,3,$9.37,$10.45,9.37,3.3,0.8,8.51 %,24.17 %,8.40,3.28,1,$3.72,N/A,$5.27,$3.45,0,$0.75,8.00%,$0.02,1,$1.05,$0.30 /lb,$0.05,$0.00,$0.00,$0.00,$0.00,0,$0.00,,15,"undefined,undefined","5.08, 3.11, 2.76 in, 0.18 lbs",5.08,3.11,2.76,0.18,N/A,Computer
"07/05/2025, 12:05 AM PDT","07/05/2025, 03:05 AM EDT","07/05/2025, 02:05 AM CDT","07/05/2025, 12:05 AM PDT","Twinings Orange, Cinnamon & Spice Herbal Tea Bags, Caffeine Free, 20 Count Box",31044996,70177179502,N/A,N/A,Twinings,Grocery,Tea Bags,N/A,N/A,8463,https://i5.walmartimages.com/seo/Twinings-Orange-Cinnamon-Spice-Herbal-Tea-Bags-Caffeine-Free-20-Count-Box_9d80d617-861a-48e6-8b40-c2a52e23330f.bef459566142e5cee3507758fd624152.jpeg,,N/A,https://www.walmart.com/ip/31044996,3.3,https://www.amazon.com/dp/B0019VD8MG,https://www.amazon.com/s?k=Twinings%20Orange%2C%20Cinnamon%20%26%20Spice%20Herbal%20Tea%20Bags%2C%20Caffeine%20Free%2C%2020%20Count%20Box,https://www.ebay.com/sch/i.html?_nkw=Twinings%20Orange%2C%20Cinnamon%20%26%20Spice%20Herbal%20Tea%20Bags%2C%20Caffeine%20Free%2C%2020%20Count%20Box,https://www.google.com/search?q=Twinings%20Orange%2C%20Cinnamon%20%26%20Spice%20Herbal%20Tea%20Bags%2C%20Caffeine%20Free%2C%2020%20Count%20Box,https://seller.walmart.com/catalog/add-items?search=31044996,N/A,no,no,no,13,3,10,10357,Fern Tactical,wfs,$8.99,6,$8.99,$12.99,10,3.3,0.01,0.14 %,0.41 %,10.00,2.65,1,$26.21,N/A,$6.69,$5.45,0,$0.80,8.00%,$0.14,1,$0.30,$0.30 /lb,$0.30,$0.00,$0.00,$0.00,$0.00,0,$0.00,,39,undefined,"8.50, 6.61, 5.59 in, 1.00 lbs",8.50,6.61,5.59,1.00,N/A,Computer
"07/05/2025, 12:10 AM PDT","07/05/2025, 03:10 AM EDT","07/05/2025, 02:10 AM CDT","07/05/2025, 12:10 AM PDT","Twinings Green Tea with Pomegrante, Raspberry & Strawberry Tea Bags, 20 Count",41107960,70177069216,N/A,N/A,Twinings,Grocery,Tea Bags,N/A,N/A,19200,https://i5.walmartimages.com/seo/Twinings-Green-Tea-with-Pomegrante-Raspberry-Strawberry-Tea-Bags-20-Count_84a2a2f0-2135-4fe9-9af5-a5a4ccc64ff7_1.bc3876f087f9cac83b4dd56ec0effdf6.jpeg,,N/A,https://www.walmart.com/ip/41107960,3.3,https://www.amazon.com/dp/B00I4B81IU,https://www.amazon.com/s?k=Twinings%20Green%20Tea%20with%20Pomegrante%2C%20Raspberry%20%26%20Strawberry%20Tea%20Bags%2C%2020%20Count,https://www.ebay.com/sch/i.html?_nkw=Twinings%20Green%20Tea%20with%20Pomegrante%2C%20Raspberry%20%26%20Strawberry%20Tea%20Bags%2C%2020%20Count,https://www.google.com/search?q=Twinings%20Green%20Tea%20with%20Pomegrante%2C%20Raspberry%20%26%20Strawberry%20Tea%20Bags%2C%2020%20Count,https://seller.walmart.com/catalog/add-items?search=41107960,N/A,yes,no,no,5,2,3,80,Gourmet on the way LLC,wfs,$9.49,15,$8.99,$10.45,8.99,3.3,0.46,5.09 %,13.85 %,8.40,3.01,1,$6.25,N/A,$5.23,$3.45,0,$0.72,8.00%,$0.02,1,$1.04,$0.30 /lb,$0.04,$0.00,$0.00,$0.00,$0.00,0,$0.00,,44,undefined,"5.08, 3.15, 2.68 in, 0.15 lbs",5.08,3.15,2.68,0.15,N/A,Computer
"07/05/2025, 12:13 AM PDT","07/05/2025, 03:13 AM EDT","07/05/2025, 02:13 AM CDT","07/05/2025, 12:13 AM PDT","Twinings Pure White Tea Light Fresh Tea Bags, 20 Count Box",42456933,70177230265,N/A,N/A,Twinings,Grocery,Tea Bags,N/A,N/A,TWN23026,https://i5.walmartimages.com/seo/Twinings-Pure-White-Tea-Light-Fresh-Tea-Bags-20-Count-Box_7bd2d0a6-433b-41d6-be91-683c7c6e97ac.dc399ff376b1e114aae50a27b2cc0eda.jpeg,,N/A,https://www.walmart.com/ip/42456933,3.3,https://www.amazon.com/dp/B004NHP23Q,https://www.amazon.com/s?k=Twinings%20Pure%20White%20Tea%20Light%20Fresh%20Tea%20Bags%2C%2020%20Count%20Box,https://www.ebay.com/sch/i.html?_nkw=Twinings%20Pure%20White%20Tea%20Light%20Fresh%20Tea%20Bags%2C%2020%20Count%20Box,https://www.google.com/search?q=Twinings%20Pure%20White%20Tea%20Light%20Fresh%20Tea%20Bags%2C%2020%20Count%20Box,https://seller.walmart.com/catalog/add-items?search=42456933,N/A,yes,no,no,8,1,7,9047,Snap to Get,wfs,$10.01,4,$8.99,$12.99,8.99,3.3,0.46,5.08 %,13.85 %,8.40,3.01,1,$6.75,N/A,$5.23,$3.45,0,$0.72,8.00%,$0.02,1,$1.04,$0.30 /lb,$0.04,$0.00,$0.00,$0.00,$0.00,0,$0.00,,7,undefined,"5.04, 3.11, 2.76 in, 0.15 lbs",5.04,3.11,2.76,0.15,N/A,Computer
"07/05/2025, 12:27 AM PDT","07/05/2025, 03:27 AM EDT","07/05/2025, 02:27 AM CDT","07/05/2025, 12:27 AM PDT","Twizzlers, Strawberry Twists 2.5 oz",118006549,34000005024,N/A,N/A,Twizzlers,Grocery,Licorice Candy,N/A,N/A,9337569,https://i5.walmartimages.com/seo/Twizzlers-Strawberry-Twists-2-5-oz_8746785f-c4fa-4e37-a433-989a46922f22.9ece0a70260c42baad6e46480816ef6a.jpeg,,N/A,https://www.walmart.com/ip/118006549,22.68,https://www.amazon.com/dp/B002ZTRWLY,https://www.amazon.com/s?k=Twizzlers%2C%20Strawberry%20Twists%202.5%20oz,https://www.ebay.com/sch/i.html?_nkw=Twizzlers%2C%20Strawberry%20Twists%202.5%20oz,https://www.google.com/search?q=Twizzlers%2C%20Strawberry%20Twists%202.5%20oz,https://seller.walmart.com/catalog/add-items?search=118006549,N/A,no,no,no,2,0,2,45,Moe Trading & Supply,mfn,$37.75,10,$37.75,$37.80,37.75,22.68,5.9,15.64 %,26.03 %,30.70,22.87,1,$122.62,N/A,$9.17,$3.45,0,$5.66,15.00%,$0.00,1,$0.05,$0.30 /lb,$0.05,$0.00,$0.00,$0.00,$0.00,0,$0.00,,432,"undefined,undefined","0.98, 0.98, 0.98 in, 0.18 lbs",0.98,0.98,0.98,0.18,N/A,Computer
"07/05/2025, 12:28 AM PDT","07/05/2025, 03:28 AM EDT","07/05/2025, 02:28 AM CDT","07/05/2025, 12:28 AM PDT","Twizzlers Twists Strawberry Flavored Licorice Style Low Fat Candy, Tub 5 lb",173069196,34000503025,N/A,N/A,Twizzlers,Grocery,Licorice Candy,N/A,N/A,990343915,https://i5.walmartimages.com/seo/Twizzlers-Twists-Strawberry-Flavored-Licorice-Style-Low-Fat-Candy-Tub-5-lb_892b3b35-716c-4a75-b892-0db496bfe522.0e6408cbfdbad205afc33eed551db6a0.jpeg,,N/A,https://www.walmart.com/ip/173069196,3.14,https://www.amazon.com/dp/B000NMI7RI,https://www.amazon.com/s?k=Twizzlers%20Twists%20Strawberry%20Flavored%20Licorice%20Style%20Low%20Fat%20Candy%2C%20Tub%205%20lb,https://www.ebay.com/sch/i.html?_nkw=Twizzlers%20Twists%20Strawberry%20Flavored%20Licorice%20Style%20Low%20Fat%20Candy%2C%20Tub%205%20lb,https://www.google.com/search?q=Twizzlers%20Twists%20Strawberry%20Flavored%20Licorice%20Style%20Low%20Fat%20Candy%2C%20Tub%205%20lb,https://seller.walmart.com/catalog/add-items?search=173069196,N/A,no,no,yes,19,0,18,161,Walmart.com,wmt,$12.87,5,$12.87,$34.98,12.87,3.14,0.43,3.33 %,13.66 %,12.30,2.86,1,$12.87,N/A,$9.30,$6.55,0,$1.03,8.00%,$0.13,1,$1.59,$0.30 /lb,$1.59,$0.00,$0.00,$0.00,$0.00,0,$0.00,,754,"undefined,undefined","10.08, 6.81, 4.41 in, 5.30 lbs",10.08,6.81,4.41,5.30,N/A,Computer
"07/05/2025, 12:30 AM PDT","07/05/2025, 03:30 AM EDT","07/05/2025, 02:30 AM CDT","07/05/2025, 12:30 AM PDT","Twizzlers Bites Cherry Flavored Licorice Style Low Fat Candy, Box 5 oz",22101562,34000541508,N/A,N/A,Twizzlers,Grocery,Licorice Candy,N/A,N/A,725671,https://i5.walmartimages.com/seo/Twizzlers-Bites-Cherry-Flavored-Licorice-Style-Low-Fat-Candy-Box-5-oz_d8f6a351-5eda-4025-95af-1ef9f2571cae.1ac3f238ecfcb18490f9b7158ff23c7c.jpeg,,N/A,https://www.walmart.com/ip/22101562,1.35,https://www.amazon.com/dp/B00ZLUDW72,https://www.amazon.com/s?k=Twizzlers%20Bites%20Cherry%20Flavored%20Licorice%20Style%20Low%20Fat%20Candy%2C%20Box%205%20oz,https://www.ebay.com/sch/i.html?_nkw=Twizzlers%20Bites%20Cherry%20Flavored%20Licorice%20Style%20Low%20Fat%20Candy%2C%20Box%205%20oz,https://www.google.com/search?q=Twizzlers%20Bites%20Cherry%20Flavored%20Licorice%20Style%20Low%20Fat%20Candy%2C%20Box%205%20oz,https://seller.walmart.com/catalog/add-items?search=22101562,N/A,yes,no,no,1,0,1,5,PartnerGoods,mfn,$9.94,5,$9.94,$9.94,9.94,1.35,3.23,32.48 %,239.11 %,6.35,3.66,1,$6.40,N/A,$5.36,$3.45,0,$0.80,8.00%,$0.01,1,$1.10,$0.30 /lb,$0.10,$0.00,$0.00,$0.00,$0.00,0,$0.00,,74,"undefined,undefined","6.30, 3.78, 1.14 in, 0.35 lbs",6.30,3.78,1.14,0.35,N/A,Computer
"07/05/2025, 12:31 AM PDT","07/05/2025, 03:31 AM EDT","07/05/2025, 02:31 AM CDT","07/05/2025, 12:31 AM PDT",Twizzlers Gummies Peach Grape Lemonade & Cherry 7 oz. Bag,2055465803,34000943500,N/A,N/A,Hershey's,Grocery,Gummy Candy,N/A,N/A,N/A,https://i5.walmartimages.com/seo/Twizzlers-Gummies-Peach-Grape-Lemonade-Cherry-7-oz-Bag_f178d982-7076-4548-9a1e-c4d6b7c1331b.e38556f4881cafab036932ec7cb0453d.jpeg,,N/A,https://www.walmart.com/ip/2055465803,3.01,https://www.amazon.com/dp/B0CG2JLKNY,https://www.amazon.com/s?k=Twizzlers%20Gummies%20Peach%20Grape%20Lemonade%20%26%20Cherry%207%20oz.%20Bag,https://www.ebay.com/sch/i.html?_nkw=Twizzlers%20Gummies%20Peach%20Grape%20Lemonade%20%26%20Cherry%207%20oz.%20Bag,https://www.google.com/search?q=Twizzlers%20Gummies%20Peach%20Grape%20Lemonade%20%26%20Cherry%207%20oz.%20Bag,https://seller.walmart.com/catalog/add-items?search=2055465803,N/A,no,no,no,7,1,6,278,TYH,mfn,$8.80,100,$8.80,$16.25,8.8,3.01,0.48,5.48 %,16.03 %,8.20,2.79,1,$8.99,N/A,$5.31,$3.45,0,$0.70,8.00%,$0.02,1,$1.14,$0.30 /lb,$0.14,$0.00,$0.00,$0.00,$0.00,0,$0.00,,56,undefined,"7.01, 5.24, 0.98 in, 0.46 lbs",7.01,5.24,0.98,0.46,N/A,Computer
"07/05/2025, 12:32 AM PDT","07/05/2025, 03:32 AM EDT","07/05/2025, 02:32 AM CDT","07/05/2025, 12:32 AM PDT","TWIZZLERS Pull 'N' Peel Licorice Candy, Cherry, 6.1 Ounce",33411326,34000544431,N/A,N/A,Twizzlers,Grocery,Licorice Candy,N/A,N/A,17640,https://i5.walmartimages.com/seo/TWIZZLERS-Pull-N-Peel-Licorice-Candy-Cherry-6-1-Ounce_abf38db4-9b91-4d5b-8890-2bc0d0ae072f.e3613e14eec1dccb8fee02aed88d9761.png,,N/A,https://www.walmart.com/ip/33411326,2.51,https://www.amazon.com/dp/B00IAE9AKY,https://www.amazon.com/s?k=TWIZZLERS%20Pull%20'N'%20Peel%20Licorice%20Candy%2C%20Cherry%2C%206.1%20Ounce,https://www.ebay.com/sch/i.html?_nkw=TWIZZLERS%20Pull%20'N'%20Peel%20Licorice%20Candy%2C%20Cherry%2C%206.1%20Ounce,https://www.google.com/search?q=TWIZZLERS%20Pull%20'N'%20Peel%20Licorice%20Candy%2C%20Cherry%2C%206.1%20Ounce,https://seller.walmart.com/catalog/add-items?search=33411326,N/A,no,no,no,3,0,3,629,Moe Trading & Supply,mfn,$9.09,10,$9.09,$10.10,9.09,2.51,1.22,13.47 %,48.78 %,7.70,2.99,1,$7.14,N/A,$5.36,$3.45,0,$0.73,8.00%,$0.01,1,$1.17,$0.30 /lb,$0.17,$0.00,$0.00,$0.00,$0.00,0,$0.00,,102,"undefined,undefined","7.76, 3.62, 1.10 in, 0.55 lbs",7.76,3.62,1.10,0.55,N/A,Computer
"07/05/2025, 12:34 AM PDT","07/05/2025, 03:34 AM EDT","07/05/2025, 02:34 AM CDT","07/05/2025, 12:34 AM PDT","Twizzlers Extra Long Chewy Candy, 25 Oz.",163114025,34000570102,N/A,N/A,Twizzlers,Grocery,Chewy Candy,N/A,N/A,na,https://i5.walmartimages.com/seo/Twizzlers-Extra-Long-Chewy-Candy-25-Oz_eee0a71c-bcb9-4a54-8f67-ecf70f66de29.e94ec2d9ea75918333951425819dfe97.jpeg,,N/A,https://www.walmart.com/ip/163114025,6.54,https://www.amazon.com/dp/B00D97LET2,https://www.amazon.com/s?k=Twizzlers%20Extra%20Long%20Chewy%20Candy%2C%2025%20Oz.,https://www.ebay.com/sch/i.html?_nkw=Twizzlers%20Extra%20Long%20Chewy%20Candy%2C%2025%20Oz.,https://www.google.com/search?q=Twizzlers%20Extra%20Long%20Chewy%20Candy%2C%2025%20Oz.,https://seller.walmart.com/catalog/add-items?search=163114025,N/A,no,no,no,1,1,0,1,"LAT Enterprises, LLC",wfs,$19.95,1,$19.95,$19.95,19.95,6.54,4.31,21.60 %,65.88 %,13.65,8.68,1,$14.99,N/A,$9.10,$5.45,0,$2.99,15.00%,$0.05,1,$0.61,$0.30 /lb,$0.61,$0.00,$0.00,$0.00,$0.00,0,$0.00,,454,"undefined,undefined","12.20, 6.89, 1.46 in, 2.02 lbs",12.20,6.89,1.46,2.02,N/A,Computer
"07/05/2025, 12:50 AM PDT","07/05/2025, 03:50 AM EDT","07/05/2025, 02:50 AM CDT","07/05/2025, 12:50 AM PDT","Undercover Quinoa Crispy Quinoa Dark Chocolate Blueberry, 2 Oz",234704851,854571007070,N/A,N/A,Undercover Snacks,Grocery,Chocolate Covered Snacks,N/A,N/A,HG2392413,https://i5.walmartimages.com/seo/Undercover-Quinoa-Crispy-Quinoa-Dark-Chocolate-Blueberry-2-Oz_82c90709-c369-4f4c-9be5-067926d970ac_1.2a0b1e3c25b69625201896ba11b58e0e.jpeg,,N/A,https://www.walmart.com/ip/234704851,2.63,https://www.amazon.com/dp/B07Q7LNFFJ,https://www.amazon.com/s?k=Undercover%20Quinoa%20Crispy%20Quinoa%20Dark%20Chocolate%20Blueberry%2C%202%20Oz,https://www.ebay.com/sch/i.html?_nkw=Undercover%20Quinoa%20Crispy%20Quinoa%20Dark%20Chocolate%20Blueberry%2C%202%20Oz,https://www.google.com/search?q=Undercover%20Quinoa%20Crispy%20Quinoa%20Dark%20Chocolate%20Blueberry%2C%202%20Oz,https://seller.walmart.com/catalog/add-items?search=234704851,N/A,yes,no,no,2,2,0,54,Marny Store,wfs,$9.37,18,$9.36,$9.37,9.36,2.63,1.47,15.74 %,56.04 %,7.65,3.28,1,OOS,N/A,$5.26,$3.45,0,$0.75,8.00%,$0.02,1,$1.04,$0.30 /lb,$0.04,$0.00,$0.00,$0.00,$0.00,0,$0.00,,0,"undefined,undefined","6.97, 5.55, 1.10 in, 0.13 lbs",6.97,5.55,1.10,0.13,N/A,Computer
"07/05/2025, 01:00 AM PDT","07/05/2025, 04:00 AM EDT","07/05/2025, 03:00 AM CDT","07/05/2025, 01:00 AM PDT","Unreal Dark Chocolate Coconut Bars, 4.2 oz Gluten Free",935036043,857484006543,N/A,N/A,UNREAL,Grocery,Candy Bars & Miniatures,N/A,N/A,N/A,https://i5.walmartimages.com/seo/Unreal-Dark-Chocolate-Coconut-Bars-4-2-oz-Gluten-Free_b33f56db-cb2d-4c26-97b7-2c358fff1aed.803f5d97bf9c4e15753fafc19523fe37.jpeg,,N/A,https://www.walmart.com/ip/935036043,4.68,https://www.amazon.com/dp/B09MQY3G5K,https://www.amazon.com/s?k=Unreal%20Dark%20Chocolate%20Coconut%20Bars%2C%204.2%20oz%20Gluten%20Free,https://www.ebay.com/sch/i.html?_nkw=Unreal%20Dark%20Chocolate%20Coconut%20Bars%2C%204.2%20oz%20Gluten%20Free,https://www.google.com/search?q=Unreal%20Dark%20Chocolate%20Coconut%20Bars%2C%204.2%20oz%20Gluten%20Free,https://seller.walmart.com/catalog/add-items?search=935036043,N/A,no,no,no,15,1,14,398,KoFe,wfs,$14.47,92,$13.17,$19.29,14.47,4.68,5.06,34.98 %,108.16 %,9.95,7.79,1,$6.99,N/A,$4.73,$3.45,0,$1.16,8.00%,$0.03,1,$0.09,$0.30 /lb,$0.09,$0.00,$0.00,$0.00,$0.00,0,$0.00,,198,undefined,"7.87, 5.39, 1.81 in, 0.29 lbs",7.87,5.39,1.81,0.29,N/A,Computer
"07/05/2025, 01:16 AM PDT","07/05/2025, 04:16 AM EDT","07/05/2025, 03:16 AM CDT","07/05/2025, 01:16 AM PDT","UNREAL Dark Chocolate Almond Butter Cups, 3.2 Oz",161204392,857484006307,N/A,N/A,UNREAL,Grocery,Chocolate Candy,N/A,N/A,0857484006307,https://i5.walmartimages.com/seo/UNREAL-Dark-Chocolate-Almond-Butter-Cups-3-2-Oz_acf59482-4689-40e2-bc9d-5dde85426a2e.86ef10e27d573b04834fac0c35f24414.jpeg,,N/A,https://www.walmart.com/ip/161204392,4.68,https://www.amazon.com/dp/B07K9RPGT5,https://www.amazon.com/s?k=UNREAL%20Dark%20Chocolate%20Almond%20Butter%20Cups%2C%203.2%20Oz,https://www.ebay.com/sch/i.html?_nkw=UNREAL%20Dark%20Chocolate%20Almond%20Butter%20Cups%2C%203.2%20Oz,https://www.google.com/search?q=UNREAL%20Dark%20Chocolate%20Almond%20Butter%20Cups%2C%203.2%20Oz,https://seller.walmart.com/catalog/add-items?search=161204392,N/A,no,no,no,5,1,4,79,Hidden Gems LLC,wfs,$12.99,65,$12.38,$15.46,12.99,4.68,0.86,6.60 %,18.33 %,11.95,4.43,1,OOS,N/A,$7.45,$5.75,0,$1.04,8.00%,$0.20,1,$0.46,$0.30 /lb,$0.46,$0.00,$0.00,$0.00,$0.00,0,$0.00,,33,undefined,"10.87, 8.46, 5.04 in, 1.54 lbs",10.87,8.46,5.04,1.54,N/A,Computer
"07/05/2025, 01:23 AM PDT","07/05/2025, 04:23 AM EDT","07/05/2025, 03:23 AM CDT","07/05/2025, 01:23 AM PDT","UNREAL Dark Chocolate Caramel Peanut Nougat Bars, 3.4oz",640446074,857484006529,1,1,UNREAL,Grocery,Snack Bars,N/A,N/A,NFC2531994,https://i5.walmartimages.com/seo/Unreal-Dark-Chocolate-Caramel-Peanut-Nougat-Bar-3-4-Ounce-6-per-case_35861247-05b7-4ea2-8904-e98fbabbee23.01dbcd1f16e05a20dd4e61595bbbc039.jpeg,,N/A,https://www.walmart.com/ip/640446074,28.08,https://www.amazon.com/dp/B084BLBNRM,https://www.amazon.com/s?k=UNREAL%20Dark%20Chocolate%20Caramel%20Peanut%20Nougat%20Bars%2C%203.4oz,https://www.ebay.com/sch/i.html?_nkw=UNREAL%20Dark%20Chocolate%20Caramel%20Peanut%20Nougat%20Bars%2C%203.4oz,https://www.google.com/search?q=UNREAL%20Dark%20Chocolate%20Caramel%20Peanut%20Nougat%20Bars%2C%203.4oz,https://seller.walmart.com/catalog/add-items?search=640446074,N/A,no,no,no,1,1,0,19,Pierre Dunn,wfs,$41.29,19,$41.29,$41.29,41.29,28.08,3.27,7.93 %,11.66 %,37.35,25.08,1,$5.99,N/A,$9.94,$3.45,0,$6.19,15.00%,$0.07,1,$0.22,$0.30 /lb,$0.22,$0.00,$0.00,$0.00,$0.00,0,$0.00,,112,"undefined,undefined","9.49, 7.05, 2.36 in, 0.75 lbs",9.49,7.05,2.36,0.75,N/A,Computer